2296 2778
589 275 1252 319 PRO'LEGOMENA.
1578 297 1629 335 3.

215 382 367 420 Antan
402 373 638 426 192—'2203
673 381 818 417 Haretlz
848 391 1074 427 ’κο-243.
1133 382 1189 418 Ad
1221 381 1352 418 calcem
1385 382 1507 418 horum
1541 395 1614 420 car-

218 447 560 506 mintimTreperimus
585 445 759 493 Nabcgae
788 447 913 491 poema
937 457 955 480 a
983 455 1062 492 pag.
1086 454 1155 491 243
1178 446 1219 481 ad
1241 457 1310 492 253
1337 456 1467 491 usque,
1495 448 1615 484 itidem

219 510 386 545 Zouzcnii
418 510 667 544 commentario
700 518 734 544 et
757 512 898 554 punctis
927 509 1113 545 vocalibus
1142 511 1177 544 in
1205 520 1301 545 textu
1334 520 1370 545 et
1398 510 1539 546 scholiis
1564 513 1615 547 in-

213 573 390 608 structum.

262 635 394 671 Tea-tus
422 637 610 671 carminum
645 637 721 671 talis
752 645 826 679 est,
861 647 964 682 quem
996 636 1117 682 nulla,
1153 637 1268 683 quoad
1299 639 1411 680 novi,
1447 637 1622 674 maculent

216 699 335 734 menda
361 709 395 733 et
420 699 546 734 summa
568 700 789 736 commendet
811 701 974 742 bonita53
1003 702 1086 737 hacc
1109 704 1200 736 enim
1229 704 1415 736 maximum
1437 704 1539 736 etiam
1565 704 1618 736 in-

219 763 260 799 de
287 764 418 808 accipit
449 764 578 805 robur,
607 765 702 808 quod
735 766 813 808 (uti
842 775 897 800 me
929 767 1065 800 monuit
1097 766 1144 800 cl.
1178 763 1363 806 Willmet]
1392 768 1426 800 in
1458 766 1623 800 omnibus

216 826 326 869 iisque
359 826 516 870 plurimis
555 827 664 867 locis,
708 838 796 872 quae
828 839 870 862 ex
903 829 1030 863 Amara
1062 830 1146 865 citat
1177 828 1372 873 Gjeuhari‚
1409 829 1482 874 ejus
1514 828 1624 863 lectio

217 887 348 930 semper
380 891 496 929 ροείιις
528 900 607 922 cum
640 890 794 924 lectione
833 890 968 924 codicis
997 889 1101 932 hujus
1139 899 1241 932 quam
1271 890 1419 926 aliorum
1454 893 1624 935 interpre-

218 958 291 986 tum
321 948 520 982 convenittt.
583 946 710 991 Neque
748 949 805 983 hic
838 948 972 990 obstat,
1011 949 1108 992 quod
1139 950 1275 994 aliquot
1305 952 1445 994 versus,
1482 954 1516 986 in
1552 963 1627 988 uno

217 1012 373 1048 alterove
406 1021 602 1046 ceterorum
638 1010 802 1045 codicum
835 1011 917 1045 huic
948 1013 1091 1046 carmini
1124 1012 1240 1047 inserti
1273 1014 1420 1055 (confer
1447 1015 1628 1051 variantes

221 1075 462 1116 Lectiones),
489 1074 547 1110 hic
581 1073 705 1109 frustra
727 1083 946 1117 quaerantur.
1005 1073 1096 1120 Quis
1117 1077 1209 1110 enim
1232 1076 1396 1113 affirmare
1427 1079 1535 1121 ausit,
1562 1080 1629 1115 hos

218 1139 338 1175 reveri
368 1136 518 1173 deficere
554 1146 590 1171 et
623 1138 795 1184 genuinos
826 1136 920 1179 esse,
962 1148 1042 1173 curn
1074 1139 1237 1173 omnibus
1267 1138 1357 1175 forte
1391 1142 1461 1177 illis
1492 1141 1630 1177 codici-

217 1202 285 1236 bus
313 1201 367 1234 his
402 1201 607 1245 antiquitate
641 1199 810 1245 praestet,
845 1210 880 1234 et
913 1201 1008 1235 hisce
1037 1203 1139 1235 etiam
1171 1202 1301 1245 misfis‚
1342 1203 1453 1239 sensus
1485 1205 1632 1250 poema,-

220 1265 265 1301 εἰς
297 1264 386 1298 bene
420 1262 529 1306 fluat,
557 1265 666 1298 immo
698 1274 776 1298 cum
804 1273 838 1297 et
871 1262 1057 1298 Tebrizius
1088 1273 1124 1298 et
1151 1264 1345 1301 Ibn-Nah.
1381 1277 1629 1312 nonnunquam

219 1336 406 1368 moneant,
443 1326 508 1365 hos
539 1326 654 1360 versus
686 1338 704 1360 a
737 1326 918 1361 nonnullis
943 1326 1034 1361 addi.

224 1416 227 1421 .
266 1388 549 1424 Commentarius
579 1398 721 1433 quoque
753 1391 908 1434 optimus
941 1399 1018 1431 est,
1045 1391 1162 1425 brevis
1190 1401 1226 1426 et
1260 1391 1408 1426 subtilis.
1473 1392 1629 1440 Singulis

220 1451 292 1487 fere
318 1451 471 1487 versibus
500 1450 679 1505 ⁸subjectus
714 1462 777 1487 est.
830 1451 871 1487 In
894 1463 937 1487 eo
960 1453 1166 1498 plerumque
1196 1455 1253 1490 hic
1277 1454 1364 1490 ordo
1386 1455 1563 1498 servatur,
1590 1467 1630 1492 ut

221 1511 476 1549 vocabulorum
511 1509 726 1550 explicatio,
753 1511 776 1544 ss
799 1521 888 1552 opus
911 1516 975 1550 nt,
1002 1517 1210 1553 praecedat,
1239 1517 1488 1550 versiculorum
1520 1516 1635 1564 fingu-

219 1575 337 1611 lorum
368 1568 559 1615 paraphrasi
592 1569 659 1602 unzi
693 1569 776 1611 quin
811 1567 911 1612 saepe
943 1569 1104 1613 pluribus
1134 1570 1338 1614 subjunctis.
1399 1574 1447 1610 Et
1479 1576 1523 1610 fic
1556 1582 1635 1621 qui-

223 1637 302 1675 dem
348 1633 566 1677 interpretari
602 1631 690 1666 solet
730 1630 1022 1672 Commemamr,
1061 1632 1200 1676 quando
1233 1633 1343 1669 sensus
1375 1636 1447 1671 duo
1483 1638 1632 1686 aliqu‘us

225 1699 345 1736 versus
379 1696 532 1732 membra
561 1705 601 1729 ea
633 1694 753 1740 juncta
785 1693 963 1739 postulat3
1002 1705 1082 1730 cum
1121 1705 1234 1730 autem
1276 1698 1360 1733 haec
1402 1698 1532 1747 sejungi
1574 1703 1635 1739 de.

222 1764 336 1803 bent,
364 1758 621 1797 vocabulorum
641 1767 677 1792 et
704 1757 818 1792 sensu-s
839 1757 1047 1793 offendimus
1069 1759 1303 1803 expontiones
1325 1761 1484 1797 diversas.
1537 1764 1635 1801 Con-

225 1827 415 1862 nexionem
449 1832 591 1866 quoque
621 1831 871 1866 nonnunquam
901 1831 1010 1859 curat.
1074 1821 1203 1867 Neque
1235 1824 1383 1859 aliorum
1417 1827 1634 1869 eruditorum

228 1889 414 1924 sententias
441 1885 620 1932 negligit,
656 1883 713 1928 sed
745 1884 878 1930 saepius
909 1895 1091 1921 memorat.
1141 1886 1304 1925 Aliorum
1334 1899 1419 1924 vero
1451 1891 1634 1934 poetarum

229 1952 349 1999 νει-[μς
373 1949 414 1984 ad
442 1949 534 1984 dicta
560 1948 618 1983 sua
644 1947 804 1983 firmanda
832 1960 908 1995 rato
943 1951 1040 1984 citat.

279 2012 422 2048 Praeter
460 2011 552 2046 hunc
594 2014 880 2047 commentarium
925 2012 1120 2056 Zouzenii‚
1164 2023 1284 2062 margo
1321 2024 1462 2059 quoque
1501 2016 1636 2053 codicia

234 2076 355 2122 pasfim
394 2074 515 2120 plures
547 2075 689 2110 exhibet
722 2074 864 2110 alterius
899 2079 1052 2112 auctoris
1080 2086 1197 2117 notas,
1234 2088 1359 2121 easque
1390 2088 1634 2125 nonnunquam

234 2140 413 2185 prolixas,
441 2148 477 2173 et
501 2138 568 2173 alifi
598 2149 721 2181 manu,
745 2137 802 2174 sed
835 2139 933 2175 brevi
966 2140 1188 2183 charactere,
1218 2140 1369 2185 scriptas.

234 2194 235 2197 ’
283 2187 516 2243 postremam,
552 2211 617 2238 nec
656 2212 768 2237 tamen
801 2205 975 2239 minimam
1009 2203 1124 2240 codici
1154 2203 1270 2239 dotem
1301 2204 1491 2241 conciliant
1516 2206 1632 2243 Addi-

236 2272 398 2302 tamenta
423 2263 484 2300 illa
509 2263 704 2310 historica,
741 2276 852 2312 quae,
888 2267 1069 2303 brevitatis
1105 2269 1141 2303 in
1182 2265 1322 2303 citando
1355 2268 1476 2312 causa,
1513 2269 1634 2315 Frag-

1544 2341 1641 2368 men-¹
