2296 2778
631 257 1293 300 PROLEGOMENAE
1622 276 1672 316 η

263 369 349 406 per,
376 366 542 405 quantum
569 360 757 400 novimus,
784 360 851 395 five
882 370 961 396 cum
987 363 1113 397 ceteris
1141 361 1364 405 Moallakfit‚
1392 363 1460 398 sive
1488 375 1567 400 cum
1589 366 1665 402 aliiS

259 423 468 459 carminibus
495 424 645 469 antiquis
670 423 770 470 jungi
802 424 918 459 soleat.
974 424 1027 460 Ita
1056 435 1092 460 et
1115 436 1257 467 omnes,
1285 427 1345 470 qui
1371 428 1474 463 nobis
1505 430 1665 464 innotue-

258 495 359 527 runt,
387 485 529 521 codices
559 486 655 521 simul
690 489 961 523 commentarios
992 487 1129 524 additos
1159 489 1297 524 habent.
1352 490 1444 527 Inter
1475 492 1540 526 hos
1569 493 1665 527 codi—

258 559 318 584 ces
353 559 468 583 autem
509 549 586 585 sunt
617 550 800 592 nonnulli,
837 552 871 585 in
914 552 1043 595 quibus
1080 552 1247 597 quaedam
1281 562 1409 588 tantum
1449 552 1668 596 Moallakzit‚

258 612 318 647 alii
351 614 385 647 in
413 613 542 657 quibus
571 625 690 649 omnes
716 616 964 657 continentur3
992 625 1096 660 atque
1130 617 1219 651 inter
1253 617 1318 651 hos
1351 616 1408 651 alii
1432 618 1572 652 nomine
1595 627 1666 652 tan-

254 684 327 710 tum
353 676 459 712 nobis
489 679 648 724 cogniti,
675 678 733 713 alii
764 678 807 713 de
835 678 966 722 quibus
994 679 1063 724 jam
1097 680 1294 726 expositum
1317 691 1334 714 a
1356 680 1436 716 VV.
1459 678 1548 716 DD.
1601 679 1666 715 Se-

256 739 401 783 paratim
434 741 541 786 igitur
572 740 614 775 de
644 741 784 788 singulis
814 742 985 788 agendum
1017 752 1081 778 est.

305 799 424 836 Primo
466 804 576 848 igitur
612 803 696 838 loco
733 804 979 840 memorandus
1019 816 1070 841 est
1106 806 1236 849 codex,
1274 807 1311 841 in
1351 817 1416 852 quo
1451 818 1517 843 non
1558 815 1668 842 omnes

255 861 490 906 Moallakdt,
530 865 586 898 sed
615 867 803 901 nonnullae
832 876 963 902 tantum
1004 877 1071 912 una
1107 877 1185 899 cum
1220 868 1299 900 aliis
1327 872 1539 905 carminibus
1570 871 1673 904 exhi-

254 922 395 956 bentur.
434 921 570 957 Iudicat
593 923 691 957 illum
716 923 825 958 Caliri
848 929 882 958 in
907 927 1022 959 Catal.
1047 925 1220 961 Biblioth.
1270 927 1520 966 Escurialenfis
1541 938 1670 967 tom.1.

254 995 293 1030 p.
316 994 376 1031 7¹·
405 986 467 1020 ubi
496 985 604 1020 exstat
625 985 739 1020 codex
760 995 920 1020 exaratus
951 988 1082 1032 absque
1107 991 1186 1023 anni
1211 990 1314 1032 nota,
1338 1002 1410 1035 quo
1439 996 1664 1031 continentur

255 1046 423 1082 Poemata
454 1047 513 1083 sex
545 1050 745 1094 principum
777 1048 990 1092 Poetarum,
1024 1050 1193 1086 videlicet
1218 1052 1401 1097 AImma,
1438 1056 1670 1099 Amralkeis,

256 1108 439 1157 Nabega‚
477 1110 654 1152 Amara,
691 1110 723 1145 T
721 1110 893 1157 lzarapha
919 1122 955 1147 et
979 1112 1142 1158 Zolzeir3
1179 1126 1267 1160 quae
1293 1116 1456 1153 Poemata
1487 1131 1567 1155 cum
1598 1120 1674 1155 aliis

255 1182 274 1206 e
304 1172 616 1208 vetustisfimorum
645 1174 800 1208 Arabum
828 1178 1064 1210 monumentis
1096 1177 1245 1221 collegit
1276 1186 1316 1211 ac
1346 1178 1490 1222 publici
1510 1179 1596 1224 juris
1619 1179 1670 1216 fe-

253 1236 306 1270 cit
339 1235 514 1271 Asmaeus
553 1235 636 1270 Abu
673 1236 762 1271 zaid
791 1237 886 1271 Abd'
927 1238 1109 1280 almalek,
1152 1240 1399 1283 antiquitatum
1442 1243 1672 1279 Arabicarum

257 1297 406 1343 scriptor
435 1299 680 1343 peritissimus,
711 1298 861 1334 secundo
893 1299 1046 1347 Hegjrae
1075 1301 1212 1336 saeculo
1238 1301 1364 1338 clarus.

305 1360 430 1396 Altero
465 1361 549 1396 loco
582 1363 617 1395 in
651 1361 791 1397 censum
821 1365 967 1398 veniunt
1003 1364 1134 1399 codices
1161 1364 1316 1400 omnium
1347 1364 1578 1412 Moallakdt‚
1615 1369 1672 1404 vel

255 1433 509 1465 anonymorum
542 1424 599 1458 vel
631 1426 745 1458 minus
785 1425 961 1461 clarorum
1001 1428 1244 1472 interpretum.
1304 1428 1353 1464 Et
1389 1430 1565 1478 Anonymi
1595 1434 1673 1477 qui-

254 1483 334 1516 dem
360 1489 643 1516 commentatoris
676 1486 811 1516 videtur
842 1488 914 1524 esse
941 1489 1048 1525 codex
1075 1490 1321 1528 Bibliothecae
1352 1492 1584 1535 Parififflstfv
1611 1496 1672 1529 Πο-

261 1541 355 1587 1416
382 1542 417 1575 in
435 1539 596 1587 Quarto,
625 1538 773 1581 scriptus
799 1539 844 1571 A.
870 1549 976 1582 1024.
1005 1541 1115 1573 Cristi
1139 1542 1256 1582 1615,
1284 1554 1388 1585 quem
1409 1549 1505 1582 vitiis
1525 1550 1671 1596 scatere,

255 1605 383 1641 multas
422 1612 536 1638 tamen
577 1608 706 1644 easque
744 1598 893 1645 insignes
933 1599 1104 1635 lectiones
1146 1604 1318 1639 variantes
1360 1606 1488 1643 habere
1531 1620 1671 1652 testatur

244 1668 320 1706 ,CL
350 1667 388 1701 S.
415 1666 459 1700 de
490 1665 580 1709 Sacy
597 1689 608 1707 ‚
635 1662 723 1699 dans
754 1663 802 1698 les
828 1661 974 1698 Notices
1000 1671 1035 1698 et
1059 1663 1236 1700 Extraits
1262 1675 1328 1702 etc.
1353 1667 1378 1704 l.
1407 1680 1438 1705 c.

308 1729 430 1766 Alium
452 1729 678 1772 Anonymum
704 1724 857 1771 possedit
887 1723 975 1772 Jae.
1006 1726 1141 1762 Golt'us.
1200 1728 1281 1764 Vid.
1311 1730 1425 1768 Catal.
1450 1735 1525 1780 ejus
1556 1736 1668 1775 MSS.

258 1795 349 1829 inter
369 1790 499 1826 Libros
529 1789 684 1826 Miscell.
711 1788 794 1824 MS.
824 1800 859 1834 p.
886 1789 943 1824 16.
970 1789 1028 1824 n0.
1060 1801 1115 1826 12.

311 1854 435 1890 Exstat
463 1864 572 1899 porro
606 1853 721 1889 codex
765 1852 963 1888 Moallakfit
999 1863 1076 1888 cum
1109 1857 1374 1894 commentariis
1408 1859 1484 1896 Aba·
1509 1860 1601 1897 Sam
1633 1873 1667 1899 et

261 1916 336 1954 Abi
370 1916 532 1964 dober,
570 1917 778 1963 adjectoque
810 1916 986 1964 Nahegae
1019 1918 1181 1962 poemate
1212 1908 1290 1955 cum
1320 1926 1594 1968 commentario,
1631 1929 1667 1962 in

265 1979 404 2028 Quarto
432 1981 555 2027 majori
587 1980 718 2025 scripto
751 1981 796 2017 A.
821 1979 912 2027 Heg.
938 1980 1023 2016 616.
1051 1980 1185 2017 Christi
1211 1994 1326 2030 1219,
1354 1987 1387 2019 in
1419 1997 1491 2030 quo
1524 1998 1668 2023 contex-

268 2054 322 2078 tus
352 2053 484 2079 tantum
514 2045 695 2089 po'e'tarum
725 2053 854 2090 puncta
882 2043 1018 2078 vocalia
1047 2045 1165 2088 passim
1197 2047 1364 2092 adscripta
1396 2049 1520 2092 habet,
1548 2062 1669 2095 quem-

266 2118 335 2152 que
364 2107 516 2153 possedit
542 2107 601 2142 Cl.
628 2105 910 2156 EsSclzeidius,
933 2106 1123 2143 secundum
1151 2109 1265 2145 Catal.
1291 2111 1366 2157 ejus
1389 2111 1500 2148 MSS.
1527 2115 1586 2148 n0.
1611 2117 1668 2152 18.

317 2171 488 2206 Succedat
519 2170 607 2205 alius
631 2167 802 2205 Ahmedis
827 2169 1020 2206 Ibn-Alnl'
1051 2170 1154 2207 allah
1179 2170 1378 2220 Anfizritae
1402 2174 1586 2222 Andelusii
1610 2178 1666 2213 seu

271 2231 453 2280 Hispani,
493 2244 597 2280 quem
629 2242 797 2270 memorat
828 2231 1016 2270 Herbelot.
1054 2246 1088 2280 p.
1111 2230 1183 2280 586
1216 2247 1253 2272 et
1283 2249 1326 2273 ex
1356 2249 1400 2275 co
1427 2239 1558 2276 Reiske
1589 2241 1614 2276 1.
1634 2252 1667 2277 c.

969 2296 1005 2334 D
1037 2307 1061 2333 2
1633 2315 1671 2352 p.
