2296 2778
623 253 1288 293 PVRO'LEGOMENA.
1610 269 1658 307 ῖς

288 355 428 393 Bellum
461 352 575 395 illud,
614 354 709 398 quod
738 355 801 390 hac
833 354 1015 391 occafione
1046 355 1101 389 his
1138 354 1291 390 verfibus
1325 363 1362 389 et
1402 353 1481 389 dein
1513 358 1648 407 integri

236 418 439 455 Moallakah
473 417 528 451 sua
560 417 803 453 celebrandum
838 419 899 454 fibi
933 418 1070 461 sumsit,
1114 418 1202 453 idem
1243 427 1293 452 est
1338 417 1433 462 quod
1469 420 1571 455 etiam
1613 425 1648 458 in

241 483 298 518 sud
331 480 533 516 Moallakah
561 482 713 516 cantavit
744 481 888 517 Zoheir.
952 481 1069 528 Hujus
1099 484 1208 529 igitur
1233 481 1325 517 rbelli
1362 482 1528 525 historia,
1565 495 1646 519 cum

239 544 400 580 inserviat
431 545 572 588 utrique
599 546 743 580 carmini
777 544 1028 592 intelligendo,
1055 547 1158 580 nobis
1188 546 1256 589 jam
1284 545 1507 581 describenda
1534 557 1596 582 est.

284 607 498 643 Celebratur
530 607 618 642 illud
653 609 784 644 bellum
813 612 877 652 (ut
910 609 1033 644 ducem
1066 609 1123 644 hic
1160 609 1338 654 sequamur
1371 609 1417 644 cl.
1445 607 1479 643 S.
1515 609 1556 644 de
1591 610 1651 646 Sa-

235 681 281 715 cy
307 670 332 706 l.
355 682 387 706 c.
416 681 451 716 p.
480 680 636 717 19--21
658 670 694 716 )‚
723 672 819 716 quod
848 683 910 718 per
941 683 989 716 40
1021 683 1128 708 annos
1158 675 1247 708 inter
1269 673 1406 708 Abfitas
1428 683 1462 707 et
1489 673 1651 720 Dhobja-

236 735 324 769 nitas
351 744 486 781 gestum
514 745 594 776 est,
618 737 759 770 nomine
787 735 871 770 beni
904 735 1026 770 Ddhes
1051 746 1086 770 et
1119 736 1254 771 Gobra.
1318 735 1383 770 Ille
1410 737 1548 781 quidem
1579 746 1652 772 erat

235 806 346 840 equus
377 796 486 832 Keifii
521 797 756 833 lbn-Zoheir
791 798 1054 844 Dhobjanitae‚
1091 799 1176 834 haec
1217 809 1332 834 autem
1373 810 1462 844 equa
1496 799 1653 835 Hamalis

236 857 431 892 ibn-Bedr-
459 860 610 894 Abfitae.
663 861 756 894 Cum
795 870 911 894 autem
955 861 1142 903 aliquando
1188 862 1289 894 alteri
1330 863 1454 896 horum
1496 865 1653 897 virorum

236 929 316 954 cum
347 918 460 952 altero
492 927 729 958 convenerat,
766 926 805 950 ut
835 916 956 951 Dahes
981 927 1017 950 et
1040 916 1166 952 Gobra
1197 922 1408 955 curriculum
1442 934 1547 957 unum
1580 936 1654 960 ccr-

236 983 332 1017 tatim
374 979 551 1021 facerent,
591 990 626 1013 et
661 980 851 1024 praemium
896 980 1045 1014 victoris
1082 979 1173 1014 foret
1214 983 1426 1018 camelorum
1472 990 1648 1021 centuria.

233 1044 290 1079 die
321 1042 514 1079 constituto
549 1044 583 1077 in
616 1042 750 1077 lacunis
782 1040 985 1076 condendos
1018 1045 1152 1077 curavit
1173 1042 1300 1078 ‘Hamal
1323 1056 1453 1090 pueros
1483 1049 1650 1092 quosdam

236 1117 347 1153 prope
379 1105 477 1151 spatii
509 1115 660 1148 metam,
686 1107 746 1150 qui
779 1115 908 1149 equum
934 1103 1064 1148 Remi,
1091 1105 1134 1140 ad
1165 1117 1239 1141 cam
1266 1119 1344 1143 ante
1375 1109 1532 1146 Gobram
1572 1123 1648 1157 per·

233 1170 457 1210 venientem,
495 1168 719 1214 repellerent.
781 1167 830 1203 Et
862 1178 946 1203 vero
981 1168 1101 1203 Dfihes
1133 1180 1256 1214 equam
1289 1176 1555 1216 praecucurrit;
1594 1176 1650 1210 sed

234 1242 315 1269 cum
343 1233 444 1277 pueri
478 1231 655 1268 subornati
686 1232 776 1279 Jussa
808 1232 965 1267 exsecuti
999 1232 1132 1275 essent,
1159 1234 1202 1268 ab
1236 1232 1380 1270 Hama'le
1412 1236 1504 1272 stetit
1537 1239 1652 1274 victo-

233 1297 295 1331 ria.
348 1294 496 1330 Missum
528 1305 640 1331 tamen
671 1294 714 1331 ab
747 1296 817 1331 hoc
849 1295 1054 1339 Malecum,
1083 1296 1257 1332 Hodeifae
1289 1297 1404 1333 fratris
1435 1300 1484 1335 sui
1515 1300 1651 1345 filium,

231 1360 362 1394 victori
394 1360 585 1404 praemium
617 1361 788 1395 victoriae
817 1361 1042 1405 petiturum,
1077 1356 1214 1402 Keifius
1247 1358 1366 1397 laricefi
1395 1365 1653 1400 *transverbera-

232 1423 285 1456 vit
310 1421 603 1466 indignabundus.
657 1422 1014 1467 Hodeifam‘placare
1048 1422 1159 1459 statim
1189 1426 1306 1459 conati
1340 1425 1416 1461 sunt
1451 1425 1650 1474 Dhobjani-

234 1491 310 1522 tae,
338 1489 478 1514 centum
502 1485 687 1519 camelos,
729 1485 772 1514 ad
805 1485 1083 1521 satisfaciendum
1117 1488 1148 1521 ei
1179 1487 1221 1521 de
1255 1487 1317 1523 filii
1347 1489 1476 1532 caede,
1515 1490 1653 1526 solven-

238 1553 302 1579 tes.
355 1543 406 1575 At
439 1548 556 1574 tamen
595 1536 689 1572 haud
725 1535 839 1571 multo
877 1548 981 1581 post,
1015 1539 1077 1581 iqui
1115 1542 1151 1572 in
1191 1541 1254 1574 hac
1297 1546 1550 1587 compositione
1584 1550 1651 1586 sese

237 1604 460 1651 acquiescere
487 1603 558 1647 ipse
590 1596 732 1635 dixisset
765 1598 943 1641 Hodeifa‚
981 1599 1128 1634 ultionis
1159 1599 1269 1648 grati&
1301 1601 1555 1651 Dhobjanitam
1585 1612 1649 1646 aIi.

237 1679 340 1715 quem
371 1667 558 1707 enecavit,
584 1673 714 1711 negans
743 1662 865 1704 finmI,
894 1673 996 1708 quam
1024 1674 1232 1709 acceperat,
1261 1665 1438 1703 restituere
1467 1672 1644 1714 mulctam.

237 1732 373 1769 Bellum
402 1732 510 1777 igitur
541 1731 631 1763 inter
662 1726 744 1762 duas
774 1727 885 1761 tri-bus
916 1727 1064 1770 exarfit;
1093 1737 1172 1772 post
1206 1729 1305 1774 cujus
1335 1733 1449 1767 varios
1479 1744 1646 1781 eventus,

241 1794 473 1841 Dhobjanitis
512 1791 670 1826 inducias
718 1790 924 1826 obtulerunt
965 1790 1128 1833 Abfitae‚
1165 1801 1250 1828 octo
1293 1794 1473 1831 tribulium
1515 1798 1652 1837 suorum

238 1860 436 1906 principum
479 1855 576 1889 filiis*
603 1854 759 1890 obfidum
789 1853 874 1890 loco
902 1854 1040 1889 additis.
1106 1854 1221 1890 Semia
1249 1856 1499 1901 ibn-Amru‚'
1519 1864 1577 1897 cui
1610 1864 1645 1899 hi

240 1922 376 1958 obfides
403 1917 598 1955 concrediti
629 1917 788 1957 fuerant,
826 1925 907 1954 cum
947 1930 1040 1954 mors
1071 1919 1132 1964 ipsi
1175 1919 1333 1964 instaret,
1370 1921 1480 1957 filium
1512 1928 1649 1969 vetuit,

237 1996 282 2021 ne
314 1994 464 2028 unquam
497 1993 558 2017 eos
592 1981 634 2017 de
665 1982 824 2017 manibus
863 1982 1083 2024 demitteret,
1124 1984 1255 2028 quippe
1287 1996 1305 2018 a
1335 1996 1481 2029 quorum
1512 1989 1648 2025 conset·-

239 2049 382 2082 vatione
407 2057 474 2091 pax
496 2044 676 2091 penderet.
729 2044 903 2093 Neglectfi
924 2046 1087 2091 prudenti
1116 2045 1251 2080 Semiae
1284 2047 1543 2093 admonitione,
1572 2053 1649 2088 Ho-

237 2109 331 2145 deifa
361 2121 444 2152 eos,
472 2111 506 2144 in
542 2118 750 2154 potestatem
783 2108 874 2144 suam
903 2109 1086 2151 redactos,
1113 2108 1155 2144 ad
1186 2119 1290 2144 unum
1325 2121 1444 2146 omnes
1469 2112 1510 2147 de
1533 2116 1649 2152 medio

244 2172 388 2211 sustulit.
448 2171 542 2208 Tum
574 2171 714 2207 Abfitae
749 2167 798 2207 ird
836 2173 988 2215 incensi,
1025 2172 1123 2208 bello
1157 2171 1363 2216 instaurato,
1400 2175 1573 2219 plurimos
1604 2189 1647 2213 ex

243 2235 473 2283 Dhobjanitis
504 2235 745 2277 trucidarunt,
775 2246 864 2281 quos
894 2237 982 2271 inter
1013 2238 1192 2282 praecipui
1224 2236 1363 2272 fuerunt
1387 2237 1532 2281 HamaI,
1567 2251 1645 2285 per-

951 2299 984 2336 C
1011 2311 1032 2336 2
1559 2302 1644 2338 fidus
