2286 2725
561 245 606 282 16
931 230 1594 275 PROLEGOMENA.·

559 339 687 374 servata
724 336 799 382 ejus
827 336 1015 372 Carmina.
1074 334 1186 369 Testis
1227 333 1285 374 fit,
1322 332 1382 376 qui
1420 330 1564 376 Prolog.
1591 337 1702 363 xxxu.
1741 326 1810 361 duo
1846 325 1965 360 versus

558 405 641 452 citat
673 401 861 442 Reiskius‚
899 400 1050 444 quibus,
1088 409 1128 435 ut
1165 397 1207 432 ad
1248 396 1338 431 idem
1371 405 1506 431 carmen
1539 394 1778 437 pertinentes,
1817 400 1884 426 tres
1910 388 1962 422 illi

559 467 692 511 priores
723 476 741 498 e
781 463 919 510 Fragm.
956 461 1022 497 111.
1058 461 1162 497 modo
1204 460 1300 494 citati
1342 457 1488 493 addendi
1523 456 1610 491 sunt.
1661 455 1777 489 Testis
1816 453 1965 488 summus

561 528 802 564 Schultenfius
835 529 868 561 in
901 535 975 561 not.
1002 525 1044 560 ad
1071 524 1172 561 Prov.
1200 535 1234 569 p.
1261 524 1304 569 38
1332 522 1437 562 alium
1465 518 1673 560 versiculum
1704 519 1825 553 citans.
1878 514 1965 549 Tes-

562 593 608 626 tis
632 591 782 634 denique
810 589 1010 625 Arabfiades
1038 590 1073 622 in
1100 588 1182 621 Vita
1219 587 1357 621 Timuri
1391 584 1437 619 11.
1471 584 1554 627 248.
1592 582 1675 616 edit.
1713 578 1962 626 Mangcrianzi,

558 654 677 689 itidem
714 654 785 687 duo
816 652 955 687 laudans
986 652 1058 697 ejus
1090 651 1229 692 versus,
1267 659 1417 695 quorum
1451 647 1626 693 posterior
1659 646 1765 679 etiam
1791 654 1809 677 a
1845 641 1968 676 Lettio

558 717 600 753 ad
628 716 724 752 Caab
752 717 818 751 ben
848 716 977 752 Zohcir
1004 727 1038 760 p.
1066 725 1136 759 104
1162 713 1304 748 affertur
1330 712 1380 756 (k
1399 714 1422 756 ).

608 780 715 816 Hisce
742 780 882 825 quidem
908 781 1099 826 generatim
1126 777 1342 819 observatis,
1367 777 1436 822 jam
1463 775 1591 810 eximie
1617 771 1795 807 videamus

1860 830 1896 874 §-
1924 828 1973 864 11.

602 985 676 1027 (h)
699 984 823 1034 *Addere
849 983 941 1016 liceat
966 983 1119 1015 nonnull‘a
1149 982 1283 1015 aliorum
1317 981 1410 1019 loca,
1442 979 1474 1010 in
1513 977 1632 1018 quibus
1673 976 1810 1008 Antarae
1846 974 1976 1013 versus,

562 1052 627 1075 non
663 1043 696 1074 in
725 1041 910 1073 Moiillakah
945 1040 1154 1080 inveniundi,
1187 1039 1345 1077 citantur,
1378 1042 1500 1078 praeter
1525 1044 1580 1067 eos
1607 1033 1714 1065 versus
1738 1032 1882 1071 illudque
1909 1040 1978 1063 ear·

562 1110 654 1138 men,
679 1109 760 1138 quae
784 1098 881 1130 modo
906 1107 944 1130 ex
964 1097 1092 1138 Jonefio
1115 1097 1340 1131 laudavimus,
1363 1094 1385 1126 s1
1412 1104 1446 1126 ea
1470 1092 1596 1133 quidem
1622 1091 1720 1131 ipfius
1737 1091 1874 1122 Amarae
1897 1087 1980 1128 fint,

538 1159 542 1173 '
563 1166 628 1189 non
649 1165 723 1188 vero
753 1154 820 1196 eius
849 1162 973 1187 tantum
1002 1164 1118 1186 nomen
1149 1165 1222 1195 prae
1248 1153 1278 1185 fe
1301 1153 1414 1184 ferant.
1461 1149 1592 1182 Versum
1618 1150 1731 1188 poetae
1755 1146 1858 1178 nostri
1882 1144 1983 1177 serva-

562 1214 610 1246 vit
634 1212 903 1244 lbn-Chauecan
927 1211 1005 1243 MS.
1034 1211 1068 1243 in
1093 1211 1160 1243 vit-a
1186 1210 1333 1252 Albajefii
1356 1211 1402 1240 n0.
1423 1207 1498 1240 861.
1545 1205 1626 1238 Tres
1654 1203 1760 1236 versus
1787 1203 1874 1235 dedit
1901 1201 1984 1234 Mei-

566 1270 640 1303 dani
664 1267 742 1301 Ms.
765 1268 799 1299 in
819 1267 917 1301 Prov.
944 1269 1040 1309 3418.
1098 1268 1191 1300 Alios
1219 1270 1284 1300 duo
1313 1266 1348 1299 in
1372 1266 1468 1297 Prov.
1491 1265 1574 1305 4338
1602 1269 1633 1294 et
1655 1269 1764 1303 5151,
1794 1261 1889 1302 cujus
1911 1267 1989 1300 pos-

563 1338 708 1370 teriorem
735 1336 882 1370 exhibuit
906 1336 999 1370 etiam
1021 1335 1178 1379 Gjeuhari
1204 1335 1278 1368 MS.
1303 1334 1336 1365 in
1359 1333 1465 1387 φας.
1511 1332 1664 1372 Superest
1688 1329 1780 1361 etiam
1800 1329 1882 1362 alius
1900 1327 1986 1368 apud

565 1410 677 1443 Schol.
701 1410 741 1443 ad
761 1408 883 1442 Diwan
910 1408 1054 1441 Hadirah
1084 1407 1160 1441 MS.
1191 1407 1300 1440 Carm.
1319 1417 1354 1447 4.
1385 1414 1437 1438 VS.
1461 1412 1514 1444 15.
1566 1402 1677 1435 Alium
1703 1399 1879 1434 Mobarred
1909 1397 1990 1435 inse·-

564 1477 629 1508 ruit
651 1477 741 1512 operi
764 1476 822 1502 sun
850 1476 961 1503 Cfimel
986 1476 1061 1502 MS-
1085 1486 1120 1508 Ρ,
1141 1486 1187 1500 m.
1206 1484 1260 1508 ΑΗ.
1288 1474 1344 1505 qui
1366 1480 1398 1497 cc.
1426 1470 1524 1496 exstat
1548 1448 1634 1500 {lpud
1660 1461 1815 1500 Gjeuhari
1836 1462 1868 1492 in
1892 1458 1981 1512 sss>-

563 1545 644 1579 Duo
670 1541 797 1574 tandem
824 1539 905 1570 alios
933 1535 1041 1568 versus
1066 1535 1104 1566 ab
1131 1534 1295 1565 oblivione
1326 1532 1503 1563 vindicavit
1538 1530 1620 1563 idem
1653 1531 1828 1572 Gjeuhari,
1858 1533 1891 1565 in
1918 1535 1986 1566 the-

564 1611 702 1646 matibus
724 1607 803 1644 2353
825 1612 855 1636 et
878 1601 977 1657 Q'f'
1024 1602 1218 1635 Pertinerent
1245 1590 1311 1632 h‘u'c
1337 1599 1429 1632 etiam
1451 1597 1559 1632 versus
1587 1609 1629 1639 49
1651 1606 1681 1630 et
1709 1605 1773 1629 tres
1801 1598 1990 1642 sequentes,

573 1686 606 1716 in
632 1678 826 1716 Amralkeisii
843 1675 1032 1710 Moiillakah
1057 1673 1168 1712 obvii,
1192 1671 1215 1704 s1
1240 1678 1323 1704 recte
1347 1670 1377 1702 se
1406 1671 1534 1703 haberet
1564 1677 1641 1702 nota
1665 1670 1767 1702 Lettii'
1783 1670 1822 1703 ad
1844 1671 1989 1704 Amralk.

572 1752 606 1783 p.
629 1747 715 1779 202,
740 1736 796 1778 qui
822 1733 1010 1767 Tebrizium
1036 1738 1066 1763 et
1093 1731 1282 1762 Warnerum
1311 1729 1390 1761 dicit
1413 1728 1548 1767 referre,
1579 1728 1643 1760 esse
1669 1728 1725 1768 qui
1749 1735 1885 1768 putent,
1912 1739 1990 1769 qua-

572 1807 648 1832 tuor
672 1797 745 1828 illos
770 1793 876 1827 versus
906 1801 973 1823 non
997 1789 1060 1822 ess'e
1086 1786 1307 1827 Amralkeifii,
1338 1786 1391 1819 sed
1415 1785 1636 1819 adscribendos
1669 1787 1821 1818 Antarae.
1865 1787 1988 1818 Vereor

549 1842 701 1893 nutem,
736 1859 794 1891 ut,
828 1857 950 1892 praeter
977 1848 1071 1881 alium
1106 1856 1241 1879 errorem
1279 1845 1378 1886 hujus
1417 1851 1511 1875 notae
1545 1842 1637 1884 supra
1669 1843 1732 1884 jam
1768 1841 1990 1884 observatum,

573 1913 666 1946 etiam
698 1910 751 1943 hic
784 1915 918 1941 erratum
945 1906 1002 1946 fit3
1034 1905 1067 1937 in
1092 1902 1287 1936 Amralkeifii
1313 1902 1396 1934 enim
1430 1901 1543 1934 codice
1565 1901 1642 1933 MS.
1667 1901 1831 1940 Succarii,
1864 1902 1918 1941 qui
1942 1909 1991 1934 est

577 1971 611 2003 in
639 1968 792 2001 Biblioth.
815 1963 985 2004 Leidenfi,
1018 1963 1051 1995 hi
1074 1961 1182 1995 versus
1206 1971 1272 1992 non
1296 1961 1434 1993 Amarae
1459 1959 1510 1991 sed
1535 1958 1722 1991 Tafibbetae
1749 1959 1903 1992 Scherran
1935 1959 1990 1991 tri-

575 2028 740 2067 buuntur3
765 2031 861 2064 atque
885 2024 949 2055 hoc
974 2020 1107 2054 totidem
1131 2019 1236 2052 verbis
1257 2017 1422 2051 confirmat
1451 2017 1638 2049 Zouzenius
1666 2016 1701 2048 in
1720 2017 1861 2050 Scholiis
1886 2016 1987 2049 MSS.

579 2123 620 2156 ad
641 2122 730 2155 illum
751 2121 883 2162 locum,
908 2119 965 2161 qui
987 2118 1073 2161 apud
1090 2127 1162 2152 eum
1179 2124 1227 2151 est
1248 2127 1279 2151 v.
1297 2115 1359 2159 46:
1385 2083 1538 2159 01:22³&
1562 2082 1794 2168 ἐξίῃ-ἑᾷ
1812 2083 1908 2167 ,αν-ἑ
1929 2083 1984 2170 ἔμ’)

1391 2183 1407 2201 Ι
1482 2182 1496 2200 Ι
1825 2178 1840 2198 Ι

1853 2221 1871 2239 θ
1904 2222 1960 2239 10!

1831 2238 1987 2300 ὥὶῄςῖἱ
