2296 2778
610 262 1269 303 PRoLnGOMENm
1599 276 1644 314 Q

235 362 395 410 adjecti,
421 363 463 399 ab
492 362 561 400 hoc
593 364 635 398 de
664 364 724 399 iila
755 366 922 401 nuncium
952 374 1071 410 petat3
1101 366 1134 399 in
1166 365 1240 410 ejus
1267 363 1440 409 quondam
1471 364 1546 399 sede
1578 365 1639 401 fibi

238 438 323 464 tunc
354 427 553 474 praeclusa.
582 438 673 462 nunc
705 437 869 472 patente,
898 428 930 463 se
962 429 1100 462 tristitia
1128 431 1266 463 retineri
1297 437 1436 470 narrem,
1466 428 1641 464 salutatio-

236 501 314 526 nem
336 491 377 526 ad
399 490 492 526 illam
513 490 869 533 manfionem‚caram
892 492 1029 534 adhuc,
1050 494 1206 536 quamvis
1224 491 1435 533 desolatam,
1460 493 1587 533 iteret,
1611 502 1645 526 ct

232 554 363 588 aditum
397 554 439 588 ad
470 555 598 590 Ablam
629 556 676 590 ob
710 555 859 590 tribules
888 556 985 601 ejuS,
1025 555 1103 590 suos
1131 557 1271 599 hostes,
1305 555 1409 600 ipsam
1443 557 1644 602 cingentes,

233 615 432 658 difficilem,
460 617 637 666 depingat.
688 617 772 654 Post
800 618 1037 664 jusjurandum
1066 618 1108 652 de
1140 630 1255 654 amore
1289 619 1373 660 suo,
1401 620 1559 662 quamvis
1592 628 1642 652 te-

236 689 330 713 mere
362 689 399 713 et
430 681 464 714 in
496 681 609 729 media
641 682 821 718 tribulium
853 682 964 718 Ablae
994 681 1097 717 caede
1131 692 1235 724 orto,
1265 691 1375 716 tamen
1407 693 1442 717 et
1468 681 1583 717 calido
1610 691 1646 715 et

234 741 434 786 constante,
472 745 579 780 tristis
611 742 771 790 quaerit,
809 756 882 792 quo
915 745 1050 780 tandem
1083 746 1190 781 modo
1221 745 1316 780 illam
1347 757 1366 780 a
1400 745 1431 780 se
1463 745 1646 780 distantem

234 803 344 839 adeat.

282 865 403 900 Vereri
437 866 587 911 fatetur,
619 881 663 905 ne
699 871 812 905 Ablae
846 871 995 911 cameli,
1029 871 1200 902 numerofi
1235 870 1286 903 illi
1330 871 1646 914 macheu-imque,

232 935 360 971 utp0te
399 928 602 972 nigerrimi,
649 938 751 962 omne
786 937 941 971 paratum
990 927 1069 972 ipfis
1119 929 1287 973 pabulum
1332 931 1521 966 absumturi
1560 932 1645 974 sint,

233 998 339 1034 atque
366 987 475 1030 adeo,
512 998 555 1022 ne
590 988 706 1024 Ablae
745 988 856 1023 tribus
885 989 1021 1024 Oneiza
1053 1001 1196 1035 quoque
1234 991 1265 1025 se
1305 1003 1447 1028 movere
1477 1004 1647 1041 cogatur,

236 1061 274 1088 et
304 1061 349 1086 ne
382 1050 583 1087 clanculum
617 1050 648 1085 se
678 1060 831 1085 moveat.

281 1113 388 1149 Illum
421 1123 551 1148 metum
586 1124 630 1148 ex
659 1123 775 1149 amore
809 1114 1039 1160 profluentem
1074 1116 1197 1150 tribuit
1230 1116 1476 1161 pulcherrimis
1509 1120 1650 1155 amasiae

239 1176 425 1218 dentibus,
454 1176 623 1211 osculanti
653 1176 861 1221 salivamque
890 1180 1043 1225 gustanti
1073 1179 1290 1214 dulcisfimis.
1351 1179 1536 1224 Speciosae
1557 1184 1648 1216 enim

235 1239 375 1286 puellae
407 1239 552 1274 halitum
592 1237 895 1286 fragrantissimum
928 1240 1091 1276 describit
1121 1245 1231 1277 musci
1261 1254 1320 1277 vas
1354 1243 1462 1277 odore
1494 1243 1646 1286 referre,

238 1312 301 1337 aut
334 1311 470 1347 pratum
507 1301 684 1338 illibatum
711 1311 816 1347 atque
843 1313 1050 1346 amoenum,
1083 1304 1203 1349 pluvia
1231 1305 1580 1349 abundantissimum,
1611 1316 1649 1342 et

233 1366 272 1402 in
305 1374 378 1410 quo
419 1365 578 1400 habitent
609 1375 774 1408 muscae,
809 1366 858 1400 ibi
892 1365 1027 1402 susurro
1061 1367 1122 1402 suo
1154 1369 1243 1403 ebrii
1275 1369 1487 1404 cantillantis
1529 1369 1648 1406 sonum

235 1430 471 1472 exprimentes
497 1438 534 1463 et
564 1428 788 1464 brachiorum
827 1427 954 1465 fricatu
983 1430 1082 1464 illum
1111 1432 1306 1474 imitantes,
1347 1442 1451 1476 quem
1479 1432 1553 1468 edit
1579 1443 1648 1470 ma·

235 1497 283 1522 nu
315 1487 587 1529 mutilus,-igni
618 1498 662 1520 ex
688 1493 844 1531 igniariin
874 1493 1089 1529 excutiendo
1120 1505 1262 1535 operam
1297 1495 1392 1531 dans.

286 1546 444 1584 Amafiae
476 1543 688 1581 commodos
717 1544 818 1578 effert
851 1545 1028 1587 lectulos,
1067 1547 1148 1580 dum
1189 1550 1250 1591 ipfi
1286 1551 1322 1583 in
1361 1552 1535 1597 ephippio
1566 1558 1659 1601 equi,

237 1610 355 1652 furvi,
381 1608 504 1644 frenati
536 1617 575 1643 et
608 1606 714 1642 torofi
746 1615 871 1642 noctes
901 1605 980 1642 sunt
1011 1608 1262 1655 transigendae.

290 1672 374 1722 Qua
400 1671 444 1707 ad
471 1670 599 1708 Ablam
628 1669 839 1716 perducatur
860 1670 1020 1712 camelo,
1045 1680 1120 1706 eam
1145 1671 1207 1706 fibi
1241 1683 1387 1719 exoptat
1407 1676 1579 1721 validam
1606 1691 1648 1716 ne

239 1745 418 1774 nocturno
441 1734 582 1778 quidem
604 1734 728 1768 itinere
750 1731 1002 1781 defatigandasn
1017 1758 1028 1776 ,
1056 1735 1163 1770 immo
1191 1746 1271 1780 post
1294 1737 1381 1772 illud
1402 1741 1504 1774 etiam
1531 1745 1649 1786 perni-

239 1802 328 1836 citer
356 1796 557 1839 cursuram:‚
594 1796 680 1832 adeo
710 1796 876 1841 quidem,
903 1807 943 1832 ut
972 1806 1008 1832 et
1037 1800 1173 1843 vesperi
1205 1798 1364 1836 festinare
1395 1802 1555 1839 videatur
1583 1817 1649 1842 una

240 1873 322 1899 cum
355 1859 664 1902 struthiocamelo,
703 1861 760 1895 cui
788 1861 959 1906 Juveucae
985 1859 1213 1904 adhaereant,
1249 1874 1288 1897 ut
1323 1867 1450 1909 pastori
1478 1868 1649 1914 Aethiopi

242 1923 365 1963 cameli
408 1922 647 1969 Jemanenses3
685 1934 812 1968 quem,
849 1923 964 1959 oculis
1004 1925 1146 1959 intentis
1176 1928 1282 1971 capiti
1322 1928 1399 1972 ejus
1440 1929 1645 1975 celflsfimo,

243 1999 325 2027 cum
359 1996 530 2033 carpento
561 1988 693 2032 quippe
722 1986 792 2021 alte
832 1987 1014 2023 eoliocato
1051 1989 1307 2033 comparando,
1346 1990 1556 2036 sequuntur3
1594 1997 1648 2030 ni·

246 2054 458 2101 gerrimum,
489 2059 530 2085 ut
553 2049 629 2084 sunt
656 2048 811 2085 Arabum
843 2049 944 2085 servi.
995 2050 1177 2086 Camelum
1201 2063 1328 2097 porro.
1355 2054 1454 2088 cursu
1483 2056 1514 2091 se
1541 2069 1647 2102 expe·

244 2115 425 2157 dirui-am,
454 2112 542 2159 ipsas
569 2113 662 2149 adire
697 2111 784 2148 dicit
815 2113 965 2158 piscinas
991 2114 1158 2157 hostiles,
1195 2117 1242 2150 ita
1271 2116 1409 2159 volare,
1435 2130 1475 2154 ac
1509 2120 1531 2154 fi
1561 2120 1647 2155 effu·

245 2187 327 2226 gere
358 2178 469 2219 velit,
496 2187 598 2221 quem
630 2179 665 2212 in
696 2176 804 2212 latere
833 2176 895 2213 suo
932 2177 1050 2213 credat
1082 2177 1241 2220 latitare,
1268 2179 1422 2214 aelurum
1452 2182 1578 2227 seque,
1605 2184 1647 2218 ad

242 2250 322 2278 eum
352 2239 573 2286 conversam,
597 2239 760 2291 laedere3
797 2249 866 2277 tam
898 2252 1021 2288 parum
1057 2251 1169 2279 tamen
1200 2241 1376 2291 fatigatam
1407 2245 1500 2290 esse,
1537 2257 1575 2282 ut
1603 2247 1647 2281 ad

1598 2320 1646 2346 11·
