2296 2778
651 271 1311 318 PROLEGOMENA.
1666 288 1684 321 ς,

266 370 453 408 allaturum
487 369 701 417 promiserat.
753 371 833 408 Nec
865 384 949 410 vero
982 373 1070 409 illud
1100 374 1185 409 mihi
1213 372 1325 408 defuit
1357 371 1536 409 auxilium.
1589 373 1679 410 Nam

267 446 407 482 praeter
430 435 566 480 aliquot
590 447 711 478 noms,
745 447 830 480 quas
851 437 895 471 V.
919 437 963 472 C.
992 438 1088 472 hisce
1109 436 1372 484 prolegomenis
1394 437 1572 482 adjunxit,
1601 439 1678 483 plu-

263 500 368 541 rima,
393 509 431 532 ut
454 500 571 543 quivis
594 499 715 544 paullo
734 499 905 535 eruditior
926 511 1008 536 mox
1033 501 1178 543 sentiet,
1205 500 1248 534 lii
1273 511 1347 535 mea
1365 510 1465 535 acute
1489 500 1620 536 limanti
1642 511 1676 535 et

264 561 362 607 saepe
388 561 562 608 supplenti
592 563 775 598 debentur.
802 582 852 589 -
879 563 963 598 Nou
987 566 1201 599 committam
1226 563 1415 608 equidem,
1444 574 1482 598 ut
1514 566 1546 599 in
1567 563 1677 599 alum-

260 634 330 667 n0,
358 634 411 660 tot
432 627 606 670 tantisque
629 626 812 662 beneficiis
833 627 1036 669 cumulato,
1064 637 1199 674 gratum
1223 626 1283 661 ille
1316 629 1466 662 animum
1500 627 1676 662 desideret.

265 686 334 722 Sed
358 699 439 724 cum
456 688 550 724 illius
572 690 683 734 palam
707 690 912 726 ostendendi
935 693 1236 736 opportunitatem
1258 690 1316 724 diu
1336 690 1404 735 jam
1428 690 1678 735 quaesiverim,

259 759 344 786 ecce
377 751 490 788 datam
522 752 634 788 laetus
665 756 848 800 arripiam,
877 765 916 790 ut
949 755 1001 790 illi
1031 756 1162 790 eximio
1197 753 1344 788 Fautori
1373 764 1453 789 meo
1483 753 1682 800 justissimas

261 824 360 862 agam
391 818 539 863 gratias,
566 817 663 862 quod
694 818 773 853 inde
805 831 823 854 a
854 819 1043 854 studiorum
1077 819 1254 864 principio
1287 816 1330 852 ad
1366 817 1435 852 hoc
1458 827 1568 862 usque
1595 827 1681 852 tem-

259 884 326 920 pus
358 882 432 908 tum
465 881 543 907 aliia
572 882 606 907 in
637 881 742 908 robus
777 884 962 916 omnibus.
991 893 1064 914 tum
1095 884 1129 909 in
1154 883 1275 920 primis
1304 882 1341 912 in
1371 880 1582 915 elaborandfi
1614 882 1678 914 hac

259 935 378 982 opella
407 935 593 982 permultis
633 947 688 970 me
724 935 849 971 officiis
882 937 943 972 fibi
986 935 1166 971 devincire
1200 935 1362 982 dignatus
1393 938 1445 972 fit.
1509 941 1611 986 Quae
1644 953 1681 977 ut

257 1010 327 1048 ego
355 999 397 1035 ad
433 1009 629 1035 extremum
663 1010 773 1043 usquc
802 999 959 1045 spiritum
991 1000 1158 1035 memori-<i
1194 999 1346 1041 teneb0‚
1384 1001 1431 1034 ita
1462 1011 1496 1035 et
1525 1002 1588 1038 Ille
1621 1005 1681 1039 be-

255 1063 455 1099 nevolentiti
488 1073 542 1097 me
576 1062 742 1108 prosequi
776 1063 833 1098 suxi
870 1073 992 1111 pergat
1017 1063 1135 1098 velim.
1196 1061 1337 1098 Utinam
1373 1064 1558 1107 quibusvis
1588 1068 1682 1113 opti-

255 1128 322 1161 mis
354 1127 517 1172 praemiis
556 1125 650 1161 Eum
692 1137 794 1170 quam
829 1127 1098 1163 cumulatissime
1137 1136 1376 1162 remuneretur
1412 1126 1429 1162 ὅ
1460 1129 1574 1176 Πατὴρ
1607 1131 1674 1166 τῶν

254 1187 401 1233 <passv-mv!
436 1187 578 1224 Utinam
607 1189 698 1237 Ejus
724 1191 767 1226 ad
798 1192 974 1237 antiquam
998 1193 1208 1227 Batavorum
1235 1190 1386 1237 gloriam
1420 1191 1454 1224 in
1488 1190 1680 1228 Orientali-

257 1251 324 1288 bus
359 1251 471 1288 literis
508 1254 668 1289 mendam
700 1255 939 1300 spectantibus
974 1259 1068 1291 votis
1098 1266 1133 1289 et
1163 1254 1349 1290 conatibus
1380 1252 1516 1297 semper
1546 1253 1677 1290 faveat!

257 1324 318 1356 et,
352 1315 450 1360 quod
481 1320 669 1352 maximum
699 1329 773 1361 est,
811 1329 891 1353 eum
922 1318 1032 1353 clarae
1063 1318 1154 1353 lucis
1190 1327 1301 1364 ergo,
1330 1317 1418 1361 quei,
1447 1327 1512 1362 pro
1540 1316 1678 1362 judicio

257 1377 318 1413 suo
351 1378 469 1414 subtili
498 1382 782 1426 exercitatoque,
816 1381 874 1416 vel
906 1381 1111 1416 difficillima
1144 1380 1270 1415 Sacrae
1298 1379 1502 1425 scripturae
1528 1380 1680 1426 praeser-

257 1441 319 1474 tim
346 1441 484 1477 Veteris
522 1443 690 1479 Foedcris
721 1445 800 1480 loca
839 1443 1045 1490 perfundit,
1081 1443 1212 1479 multos
1247 1442 1362 1478 adhuc
1402 1454 1511 1479 annos
1544 1445 1580 1478 in
1612 1443 1679 1480 hae

256 1499 435 1534 literarum
462 1497 540 1530 sede
584 1502 706 1529 nore-12
736 1507 881 1540 ςμιψῃῒρ

256 1572 260 1577 -
307 1557 359 1594 Ut
387 1567 503 1594 autem
539 1557 582 1592 ad
609 1557 760 1592 Antarae
785 1554 992 1591 Moallakah
1022 1552 1226 1596 redeamUS‚
1254 1566 1335 1591 cum
1369 1558 1458 1592 illud
1481 1560 1573 1596 haud
1602 1552 1689 1601 rec-⁷

257 1632 291 1659 te
316 1621 514 1669 intelligere
548 1619 741 1666 possimus,
779 1618 840 1654 nifi
870 1628 905 1653 et
936 1617 1047 1663 ipsum
1078 1616 1154 1663 ejus
1186 1617 1381 1655 Auctorem
1406 1620 1556 1667 'propius
1587 1637 1676 1675 cog-

257 1688 459 1722 noverimus
497 1694 534 1719 et
569 1683 669 1729 plura
700 1684 735 1718 in
773 1684 843 1718 hoc
875 1693 983 1728 opere
1020 1681 1097 1727 ejus
1130 1680 1335 1728 singularia,
1373 1683 1415 1718 de
1454 1687 1601 1732 utrssque
1635 1700 1675 1726 re

258 1749 428 1786 nonnulla
452 1747 769 1794 praemonebimus.
822 1746 1004 1783 Praeterea
1034 1754 1073 1780 ut
1102 1755 1173 1781 nou
1206 1755 1336 1781 tantum
1371 1746 1413 1782 de
1444 1747 1626 1795 fontibus,
1654 1765 1674 1789 e

261 1814 390 1859 quibus
424 1812 625 1854 haufimus,
672 1822 794 1847 verum
837 1820 874 1846 et
915 1810 957 1846 de
991 1811 1289 1855 interpretationis
1321 1812 1468 1846 veritate
1503 1813 1675 1859 Judiciuin

262 1877 344 1913 ferri
371 1876 502 1923 possit,
530 1877 686 1911 breviter
709 1875 1003 1921 percensebuntur
1024 1872 1295 1917 tum-Codices,
1324 1885 1344 1909 e
1365 1876 1493 1920 quibus
1515 1888 1574 1912 aut
1602 1889 1677 1914 tex-

264 1951 337 1976 tum
371 1950 406 1975 et
442 1939 575 1976 scholia
611 1938 874 1984 descripsimus,
910 1948 970 1974 aut
1006 1938 1216 1974 collationes
1252 1938 1356 1973 nobis
1387 1939 1494 1974 utiles
1527 1946 1674 1978 mutuati

261 2005 402 2049 su1nus3
431 2014 504 2040 tum
531 2005 690 2040 carminis
717 2002 1043 2047 Commentatore53
1071 2003 1203 2048 quique
1229 2002 1303 2049 ejus
1328 2002 1396 2050 jam
1426 2002 1566 2040 fuerunt
1590 2004 1674 2042 Edi-

262 2078 368 2106 tores.
423 2083 430 2091 ·

978 2323 1061 2359 As
1578 2321 1614 2369 ἕ.
1644 2322 1674 2360 1.
