2286 2725
564 232 618 275 26
936 219 1603 264 PROLEGOME·NA.·

574 353 602 373 „
629 329 753 364 borum
784 327 923 368 cultus,
957 324 1051 360 haud
1078 335 1198 370 parum
1230 323 1390 363 decoris,
1427 329 1467 355 ut
1504 321 1540 355 in
1572 318 1693 365 pulcra
1726 317 1839 359 facie,
1875 317 1975 352 affer-

578 417 605 438 „
632 391 732 427 ret.''
793 390 851 426 Dc
881 389 959 434 styli
991 389 1067 434 ejus
1096 399 1223 436 genere
1257 385 1373 422 censet
1409 384 1470 420 Cl.
1497 383 1539 418 de
1574 383 1664 427 Sacy
1703 382 1856 425 (Notice
1889 380 1978 416 laist.

577 457 640 491 cit.
667 466 703 499 p.
725 463 766 491 21
799 454 885 498 fin.)
913 454 1061 488 Amarae
1088 451 1212 495 stylum
1236 461 1315 486 cum
1338 449 1401 484 illo
1428 449 1538 484 Arm-u
1559 456 1716 493 magnam
1745 446 1870 479 habere
1893 455 1980 479 con-

571 519 804 556 venientiam,
833 516 965 548 scilicet
995 515 1089 556 apud
1107 521 1294 557 utrumque
1316 513 1406 546 idem
1440 512 1586 545 inveniri
1610 508 1738 556 grande
1765 511 1804 542 'et
1836 506 1984 541 sublime

574 580 713 615 dicendi
751 588 872 625 genus.
934 576 1094 610 Breviter
1125 575 1289 620 quidem,
1326 574 1382 609 sed
1411 583 1507 608 more
1545 572 1606 607 suo
1634 581 1760 613 acute,
1788 570 1833 605 fic
1865 569 1907 603 de
1940 578 1985 603 eo

572 642 704 689 judicat
729 641 887 687 Jonefius
918 639 1059 675 Comm.
1086 637 1188 674 Poes.
1215 637 1273 673 As.
1302 648 1336 683 p.
1361 638 1420 682 84.
1457 661 1484 679 „
1505 636 1657 672 Antarae
1690 644 1825 670 carmen
1856 632 1985 667 elatum

574 731 602 749 „
628 715 702 749 est,
729 707 870 746 minax,
900 704 1058 744 vibrans,
1087 701 1337 749 magnificum,
1365 707 1445 736 cum
1475 699 1622 744 quadam
1651 700 1755 732 etiam
1777 695 1987 740 descriptio·

579 794 607 813 ,‚
632 780 716 804 num
759 778 862 812 atque
904 767 1092 813 imaginum
1129 765 1405 809 pulchritudine.
1420 763 1442 776 '⁹
1480 780 1530 789 -—-
1565 760 1834 805 Conspiciamus
1876 766 1989 792 tamen

575 833 697 876 paucis
721 832 927 873 praecipuas
951 828 1028 868 ejus
1057 825 1169 857 dotes.
1223 826 1263 858 In
1293 825 1468 865 nervofis,
1495 834 1585 867 quos
1604 832 1730 857 auctor
1756 823 1792 855 in
1820 821 1884 855 hac
1906 818 1992 853 Mo·

580 890 717 928 allakah
741 889 907 932 reliquit,
937 884 1112 925 verfibus‚
1140 883 1347 917 demonstrat
1370 885 1401 915 se
1431 883 1535 926 patrii
1565 881 1729 915 sermonis
1757 881 1828 914 vim
1860 882 1994 924 optime

579 952 750 992 calluisse.
801 949 930 986 Versus
959 947 1105 982 suaviter
1131 945 1270 987 fluunt;
1299 955 1334 979 et
1365 945 1481 979 verbis
1506 942 1693 978 artificiose
1719 942 1907 978 collocatis
1931 942 1993 982 acl-j

577 1015 721 1053 modum
754 1013 878 1050 sonore
911 1011 1112 1046 decurrunt.
1175 1007 1270 1042 Inter
1299 1006 1448 1054 figuras,
1484 1007 1612 1051 quibus
1649 1016 1787 1041 carmen
1818 1005 1996 1051 splendet,

580 1078 731 1116 multum
760 1079 796 1113 in
832 1076 954 1122 primis
985 1071 1261 1120 pulchritudinis
1287 1070 1434 1106 afferunt
1466 1070 1598 1115 saepius
1630 1071 1798 1114 repetitae
1820 1077 1858 1103 et
1889 1068 2000 1103 subita

584 1140 800 1186 apostrophe
843 1148 878 1173 et
923 1138 1153 1182 interrogatio
1202 1135 1416 1179 emphatica.
1477 1134 1770 1177 comparationes
1813 1131 2000 1166 nonnullas

585 1204 717 1243 habet,
751 1211 837 1245 quas
864 1201 936 1245 ipse
978 1199 1180 1234 Zouzenius
1214 1197 1307 1242 apud
1345 1197 1434 1232 alios
1466 1197 1498 1231 se
1530 1197 1686 1230 invenire
1725 1205 1796 1229 non
1829 1196 1998 1229 meminit.

588 1263 902 1309 Descriptionibus
945 1272 1193 1305 nonnunquam
1234 1262 1370 1302 utitur,
1415 1269 1468 1293 ex·
1510 1269 1563 1305 gr.
1607 1259 1690 1300 equi
1733 1255 1783 1289 sui
1824 1255 1999 1290 vulnerati

589 1339 642 1364 vs.
666 1328 713 1374 69
735 1337 770 1361 et
796 1337 845 1373 70
870 1325 1136 1372 elegantisfimis
1164 1333 1200 1358 et
1223 1323 1409 1358 tenerrimo
1437 1320 1544 1355 modo
1566 1319 1712 1354 affectus
1732 1319 1836 1353 animi
1857 1317 2004 1352 sensum·

594 1402 663 1436 que
693 1390 827 1425 doloris
862 1389 912 1423 sui
949 1387 1239 1433 exprimentibus.
1290 1385 1450 1420 Maxime
1485 1392 1598 1423 amat,
1635 1392 1716 1426 prae
1746 1382 1871 1415 ceteris
1899 1382 2003 1415 etiam

592 1454 748 1488 Arabum
783 1453 922 1492 noetis,
951 1451 1161 1485 substantiva
1194 1449 1380 1483 omittere,
1413 1446 1610 1483 pracsertim
1643 1443 1679 1481 5³¹
1709 1440 1915 1475 animalibus
1945 1442 2004 1477 de·

596 1508 805 1549 scribendis,
834 1515 1024 1547 eorumque
1056 1503 1143 1537 loco
1171 1502 1326 1545 epitheta
1346 1500 1534 1540 adhibere,
1561 1509 1649 1542 quae
1665 1490 1861 1535 'nonnullas
1881 1512 2004 1539 eorum
2030 1522 2033 1524 ·

596 1573 829 1622 proprietates
859 1565 1039 1606 indicant,
1070 1573 1110 1598 ut
1146 1573 1198 1597 VS.
1228 1572 1288 1606 24.
1325 1561 1476 1597 auribus
1507 1571 1658 1604 carens,
1696 1573 1759 1613 pro
1783 1562 2006 1610 struthione,-

597 1637 742 1680 aliisque
772 1632 875 1666 locis.
900 1647 952 1655 —
976 1627 1157 1662 Praeterea
1186 1626 1293 1661 verba
1321 1624 1427 1660 habet
1456 1627 1571 1671 gravia
1603 1635 1639 1659 et
1667 1626 1840 1670 abstrusa,
1866 1637 1905 1662 ut
1936 1629 2007 1664 hoc

599 1708 761 1738 carmen,
806 1694 882 1739 ipso
911 1691 1030 1738 J’udice
1069 1689 1242 1732 Reiskio,
1275 1689 1401 1723 merito
1434 1689 1525 1723 inter
1561 1688 1782 1726 difficillimas
1811 1690 2010 1728 Mofflakfit

601 1761 791 1802 referatur-3
817 1757 855 1794 id
883 1754 980 1802 quod
1005 1754 1074 1801 J‘am
1102 1742 1203 1801 supra
1233 1752 1515 1802 fignifieavimus.

1208 1879 1242 1923 §-
1302 1877 1317 1912 1
1343 1876 1360 1912 1
1384 1878 1414 1914 1.

804 2008 865 2046 ‚De
890 2005 1098 2052 codicibus,
1124 2004 1491 2049 commentatoribus,
1516 2012 1553 2041 et
1576 2004 1800 2044 Editoribus.

657 2138 734 2176 Ubi
765 2136 809 2173 de
833 2134 1015 2173 Codicibus
1041 2143 1077 2168 et
1103 2132 1441 2171 Commentatoribus
1466 2133 1670 2178 loquimur,
1708 2133 1743 2168 id
1773 2132 1913 2178 quidem
1939 2144 2010 2171 non

610 2202 836 2256 peculiariter
863 2201 906 2237 de
934 2201 1083 2238 Amarae
1113 2196 1320 2241 Moallakah
1351 2197 1619 2245 intelligendum
1647 2206 1724 2249 est,
1752 2208 1832 2236 cum
1863 2208 1903 2235 ea
1924 2198 2012 2232 sem-

1928 2270 2012 2307 per,
