2296 2778
619 275 1274 314 PROLEGOMENA.
1626 272 1649 327 ῥ

586 384 597 399 Ι
642 386 654 400 Ι

242 412 474 460 Fragmento:
512 384 653 457 ς’)ἱέὼὲ
682 410 774 468 {lacn
805 427 873 458 ω
890 423 949 466 2²>
967 426 1044 449 eum
1061 413 1176 461 fuisse}
1198 427 1243 450 ex
1255 417 1368 462 proastiis
1391 418 1506 451 tribus
1531 418 1646 451 Cimb-

233 483 460 528 sanidarum.

281 545 427 594 Tempus
456 561 587 594 porro,
614 562 679 597 quo
711 553 846 587 vixerit
876 562 910 588 et
935 553 1125 599 floruerit,
1155 557 1256 588 ctiam
1283 564 1427 599 propter
1460 566 1645 602 argumen-

236 619 309 644 tum
341 614 521 657 carminis,
550 615 640 649 haud
672 618 824 662 ignorari
855 619 1035 651 convenit.
1090 614 1238 652 Reiskio
1270 628 1379 652 annos
1405 617 1540 662 aliquot
1569 629 1647 653 ante

233 672 520 712 Muhammedem
550 688 674 720 natuS,
703 690 768 715 uec
797 680 856 714 nifi
887 680 945 714 diu
980 691 1059 726 post
1092 692 1209 716 natum
1232 692 1310 715 eum
1339 692 1498 716 mortuus
1519 684 1648 717 Amara

231 737 394 780 videtum
423 750 503 775 cum
535 741 608 787 (ut
632 742 702 787 ipse
733 754 876 778 testatur
897 744 989 788 apud
1013 744 1255 787 Meidunium,
1287 747 1430 780 citatum
1453 758 1470 780 a
1498 746 1647 781 Reiskio

231 810 413 844 pfxxxut.
442 803 530 838 med.
549 817 566 846 ,ι
593 805 792 840 interfuerit
824 806 922 841 bello
957 808 1032 842 Abs
1062 818 1098 842 et
1128 808 1322 854 Dhobjan,
1362 810 1429 843 five
1464 809 1582 844 Dahes
1611 820 1648 844 et

231 861 351 896 Gabra
385 866 495 908 vulgo
521 878 541 900 a
572 867 711 902 duobus
743 870 869 903 horum
901 871 1079 903 nominum
1101 874 1201 909 cquis
1229 872 1326 904 dicto
1357 872 1431 914 (de
1455 884 1527 915 quo
1558 872 1647 907 infra

230 922 267 966 §-
288 921 336 957 ΙΙ.
364 922 576 967 dicemus),
607 925 689 964 cui,
718 924 824 967 paulo
859 934 938 958 ante
974 926 1029 960 vel
1063 937 1144 970 post
1166 927 1494 973 pseudoprophetae
1517 934 1647 968 natales

186 1013 187 1016 ,
229 986 320 1020 inito
348 995 384 1020 et
416 995 478 1031 per
509 985 736 1031 quadraginta
768 997 876 1020 annos
905 997 1027 1033 gesto,
1057 989 1148 1022 haud
1181 990 1284 1024 dubie
1318 1001 1452 1034 tamen,
1485 993 1549 1028 illo
1583 996 1644 1030 de·

228 1059 324 1083 mum
348 1050 432 1083 vivo
463 1058 498 1082 et
528 1048 675 1091 adulto,
704 1047 780 1082 finis
812 1050 992 1094 impositus
1018 1061 1082 1086 est.
1148 1051 1200 1086 Ita
1233 1054 1370 1097 quidem
1405 1055 1452 1090 cl.
1480 1055 1647 1094 Reiskius

228 1111 254 1146 Ι.
278 1123 310 1146 c.
340 1122 578 1146 xvru—xxu
613 1122 648 1146 et
677 1122 805 1146 xxxm.
854 1113 902 1148 At
933 1125 1018 1149 vero
1040 1115 1086 1149 cI.
1115 1112 1318 1151 Silvestrius
1342 1118 1383 1152 de
1408 1118 1497 1163 Sacy
1521 1123 1555 1154 in
1588 1122 1645 1157 sua

225 1173 355 1209 Notice
386 1173 584 1220 historique
616 1175 673 1210 des
702 1176 845 1210 anciens
872 1181 1010 1222 pob'mes
1043 1181 1173 1215 arabes
1197 1191 1322 1214 comms
1340 1178 1421 1227 sous
1450 1183 1480 1216 le
1503 1195 1579 1219 nom
1603 1185 1644 1220 de

224 1236 434 1273 BIoallakas
462 1248 499 1283 p.
523 1238 587 1281 18,
614 1249 694 1273 cum
716 1238 826 1280 dicit,
855 1240 988 1276 bellum
1017 1243 1086 1279 hoc
1117 1243 1278 1279 incidisse
1302 1245 1334 1277 in
1364 1245 1502 1280 initium
1533 1249 1645 1293 impe-

225 1302 269 1336 rii
302 1300 469 1337 Chosrou
501 1300 784 1344 Nouschirvani‚
813 1305 872 1347 qui
905 1315 1016 1352 regno
1044 1306 1190 1342 Persidis
1216 1308 1261 1342 A.
1285 1317 1369 1351 531.
1398 1311 1534 1353 potitus
1569 1322 1643 1354 est,

225 1375 285 1399 aur
319 1366 354 1400 in
388 1365 563 1401 saeculum
593 1365 726 1401 sextum
756 1367 930 1411 medium,
959 1380 1002 1404 eo
1032 1370 1108 1415 ipso
1139 1371 1322 1406 evidenter
1352 1372 1516 1416 affirmat,
1552 1374 1643 1409 illud

215 1427 389 1470 ’incepisse
419 1428 477 1463 diu
509 1438 586 1464 ante
619 1428 904 1466 Muhammedem
934 1442 1076 1476 natum,
1105 1436 1237 1480 quippe
1269 1437 1329 1480 qui
1357 1437 1401 1471 A.
1427 1448 1513 1484 571.
1539 1448 1641 1473 natus

223 1488 335 1532 vulgo
367 1495 525 1528 putetur.
597 1492 698 1520 Hane
742 1504 859 1529 nutem
904 1496 1106 1531 sententiam
1149 1498 1229 1532 inde
1264 1498 1471 1539 confirmat,
1519 1502 1641 1541 qnod,

224 1557 305 1583 curn
345 1546 452 1590 poeta
492 1543 625 1579 Zoheir
655 1552 754 1587 pater
790 1545 889 1579 illius
920 1546 1033 1579 Ca‘abi
1064 1547 1194 1588 fuerit,
1233 1554 1294 1592 qui
1326 1558 1574 1599 panegyricum
1606 1564 1641 1598 in

222 1608 508 1646 Muhammedem
539 1605 670 1651 scripfit
701 1605 861 1651 adeoque
895 1608 979 1643 huic
1011 1609 1165 1653 aequalis
1197 1609 1287 1654 fuit3
1323 1625 1403 1649 cum
1434 1617 1541 1664 igitur
1562 1622 1635 1658 Zo-

222 1675 299 1710 heir
327 1675 518 1718 imperante
544 1668 817 1705 Nouschirvano
844 1673 996 1713 vixerit,
1037 1672 1127 1708 suam
1155 1684 1269 1716 autem
1302 1677 1505 1717 Moallakah
1534 1689 1637 1731 pepi.

223 1738 315 1785 gerit
347 1738 382 1771 in
412 1735 544 1770 bellum
575 1733 651 1769 Abs
684 1744 719 1768 et
750 1733 920 1781 Dhobjan
948 1735 1055 1771 modo
1089 1736 1250 1782 finitum,
1290 1742 1419 1778 Antara
1450 1756 1534 1783 vero
1564 1760 1634 1786 non

222 1811 355 1836 tantum
376 1798 473 1834 bello
495 1797 548 1832 illi
571 1796 790 1840 interfuerit,
820 1798 876 1833 sed
899 1809 934 1833 et
955 1799 1016 1834 sub
1041 1801 1140 1836 initia
1151 1804 1238 1849 ejus
1261 1804 1451 1851 (Reiskius
1476 1821 1512 1854 p.
1532 1823 1633 1850 xviri.

224 1864 283 1899 fin.
308 1874 372 1898 xxi
397 1861 489 1897 med.
521 1871 557 1895 et
588 1871 703 1895 xxxlu
733 1861 776 1896 ad
798 1861 921 1908 fin.),
944 1872 1048 1908 atque
1079 1865 1166 1900 adeo
1200 1868 1234 1901 in
1267 1870 1383 1913 primo
1409 1871 1529 1917 aliquo
1560 1878 1636 1923 ejus

223 1927 391 1964 conflictu
424 1924 735 1967 Dhemdhemum,
769 1925 1022 1972 Dhobjanitam
1059 1928 1225 1964 illustrem
1263 1932 1332 1973 (de
1362 1945 1433 1978 quo
1468 1936 1567 1982 supra
1595 1953 1633 1978 n,

222 2001 259 2026 et
289 1993 324 2026 in
353 1990 428 2036 ipso
456 1990 605 2025 carmine
636 2000 670 2023 v.
695 1991 769 2034 75)
796 1989 1011 2026 interfecerit
1037 1991 1154 2038 (Sacy
1180 2005 1216 2039 p.
1240 2006 1286 2030 20
1316 1995 1400 2040 fin.)
1427 2009 1522 2035 recte
1544 2005 1629 2040 mihi

225 2053 365 2090 videtur
393 2053 440 2089 cl.
474 2053 516 2087 de
548 2053 638 2097 Sacy
664 2064 701 2098 p.
729 2053 784 2089 18.
810 2054 1047 2096 concludere,
1075 2057 1225 2092 Amarae
1253 2070 1389 2095 carmen
1416 2063 1552 2108 aliquot
1572 2079 1630 2102 an—

221 2120 277 2153 nis
306 2117 370 2153 illo
407 2117 551 2152 Zoheiri
582 2118 816 2161 antiquiorem
843 2118 939 2162 esse,
978 2118 1075 2164 quod
1105 2130 1140 2155 et
1173 2121 1289 2157 statuit
1319 2123 1477 2169 Jonefius
1509 2131 1544 2165 in
1575 2143 1629 2167 ar.

222 2170 390 2228 gumento
418 2180 523 2226 hujus
554 2182 726 2216 carminis.

270 2241 330 2278 De
360 2242 449 2279 Vita
482 2245 658 2288 Amarae,
693 2244 738 2281 ad
765 2255 869 2292 quam
909 2246 1188 2293 conspiciendam
1227 2260 1319 2287 nunc
1359 2256 1623 2302 progredimur,

949 2310 980 2346 B
1553 2332 1624 2357 non
