2286 2725
592 252 638 290 32
960 234 1632 275 PROLEGOMENA'a

592 345 711 374 menta
736 338 859 373 vocavi
881 345 916 372 et
938 347 957 372 c
983 337 1133 381 quibus,
1162 346 1329 382 quatenus
1353 335 1395 370 ad
1415 336 1579 371 Antaram
1605 335 1800 382 pertinent,
1829 334 1928 381 supra
1956 336 1994 373 in

592 402 645 436 his
677 401 938 448 Prolcgomcnis
966 401 1070 448 longe
1098 403 1276 436 maximam
1308 409 1438 445 partem
1467 399 1582 435 attuli.

642 464 777 501 Adsunt
809 475 848 499 ea
867 464 922 498 vel
954 466 988 498 in
1011 466 1165 510 margine
1188 464 1394 510 singularum
1421 462 1641 508 Moallakat‚
1668 472 1708 498 ut
1728 473 1886 508 quartum
1911 473 1995 498 nos·

593 538 707 570 trum,
735 528 790 562 vel
823 536 859 561 et
882 529 915 561 in
949 526 1132 571 separatis,
1160 527 1216 561 sed
1237 527 1374 570 infixis,
1403 526 1498 561 soliis
1529 526 1704 569 dimidiis,
1732 529 1784 561 uti
1812 529 1876 561 tria
1898 528 1997 571 prio·

590 602 626 625 ra
661 600 799 631 nostra,
837 600 872 624 et
904 590 1044 636 singulis
1086 592 1242 636 quinque
1285 592 1469 636 postremis
1511 589 1708 625 Moallakat
1746 589 1995 637 praefiguntur.

595 662 833 697 Inscribuntur
870 663 929 698 illa
969 663 1025 698 vel
1076 661 1160 696 ὃυαὲ
1194 664 1248 699 vel
1278 671 1368 717 sam
1402 660 1484 697 &1205
1517 664 1770 707 continentque
1806 673 1850 697 ex
1883 662 1997 696 diver·

591 735 630 769 fis
661 735 864 770 auctoribus
896 738 988 770 varia
1015 735 1204 782 fragmenta
1241 737 1404 772 historiae
1442 735 1616 770 literariae
1649 735 1690 770 ad
1723 736 1829 769 vitam
1872 735 2000 778 poetae

590 797 732 842 ejusque
762 809 898 832 carmen
924 800 1156 842 pertinentia:
1193 801 1239 832 ita
1269 799 1311 832 ad
1343 801 1507 834 Antaram
1542 798 1728 832 secundum
1759 807 1811 830 est
1840 796 2000 830 Kothro·

588 860 644 900 bi,
682 861 820 892 tertium
854 858 1093 892 Thaiilebitac.
1157 856 1346 894 Utilissima
1386 861 1463 894 sunt
1494 859 1555 892 illa
1586 859 1628 890 ad
1669 869 1740 889 rem
1771 858 1998 897 historicam,

589 932 702 966 neque
735 920 844 967 vulgo
878 922 912 954 in
947 920 1154 961 codicibus,
1184 929 1350 963 quantum
1381 920 1491 961 novi,
1527 918 1644 955 obvia.
1706 917 1844 962 Scripta
1888 928 2002 954 tamen

593 985 668 1019 sunt
700 984 809 1018 literis
839 982 1106 1017 minusculis·et
1138 992 1209 1016 non
1243 991 1375 1016 tantum
1401 981 1468 1014 fine
1504 980 1711 1021 vocalibus,
1746 979 1801 1014 sed
1831 991 1866 1015 et
1898 981 2000 1026 saepe

596 1048 662 1082 fine
690 1049 784 1081 notis
815 1046 991 1080 literarum
1018 1045 1228 1086 diacriticiS,
1256 1046 1361 1079 immo
1393 1054 1639 1087 nonnunquam
1671 1052 1844 1078 vetustate
1877 1044 2003 1077 nonni-

597 1111 645 1146 hil
669 1111 824 1152 detritis,
853 1108 949 1153 quod
979 1108 1138 1144 damnum
1168 1109 1271 1143 etiam
1303 1117 1402 1143 notas
1431 1106 1636 1154 marginales
1665 1105 1771 1142 modo
1800 1114 2005 1141 memoratas

595 1174 725 1209 affecit.
2001 1166 2020 1171 ”

647 1237 704 1271 Ex
735 1237 838 1272 dictis
865 1246 1030 1282 apparet,
1067 1236 1212 1280 reliquis
1240 1234 1403 1270 omnibus
1435 1235 1639 1277 codicibus,
1668 1246 1758 1279 quos
1789 1232 2004 1280 cognoscere

594 1300 720 1341 licuit,
749 1300 840 1334 haud
876 1311 945 1334 uno
974 1301 1114 1333 nomine
1145 1298 1294 1344 palmam
1327 1299 1523 1341 praeripere
1561 1307 1776 1341 postremum
1807 1296 2003 1331 Zouzenia-

593 1373 688 1398 num.
740 1362 978 1410 Quamobrem
1005 1373 1048 1396 ex
1077 1373 1112 1396 eo
1140 1362 1301 1405 quidem,
1329 1370 1417 1403 quae
1442 1360 1499 1394 hic
1527 1360 1670 1394 libellus
1701 1360 1846 1394 exhibet
1870 1368 1905 1392 et
1928 1368 2005 1393 tex-

596 1434 667 1459 tum
696 1435 731 1459 et
760 1425 915 1466 scholia,
942 1426 1005 1466 ca,
1034 1425 1103 1468 qua
1134 1433 1293 1468 poteram
1325 1423 1530 1469 diligentifi,
1559 1422 1763 1465 transcripsi.

641 1484 769 1528 Neque
809 1493 945 1522 tamen,
983 1487 1068 1515 licet
1107 1486 1140 1514 ei
1176 1484 1364 1523 plurimum
1403 1481 1482 1523 jure
1522 1482 1733 1520 tribuerem,
1772 1490 1910 1515 ceteros
1941 1492 2003 1517 ne·v

592 1549 712 1595 glexi,
750 1544 806 1578 sed
838 1545 1006 1577 rationem
1038 1550 1180 1597 quoque
1213 1540 1318 1573 habui
1351 1538 1553 1574 collationis
1581 1551 1654 1574 tum
1687 1541 1863 1577 Editionis
1894 1543 2003 1589 Jone-

594 1610 632 1645 fii
667 1619 740 1643 tum
770 1605 967 1651 praesertim
1001 1603 1177 1638 Codicum
1210 1601 1452 1636 Bibliothecae
1487 1600 1873 1649 Lugduno-Batavae,
1900 1616 2004 1651 quam

597 1674 661 1709 Vir
687 1671 731 1706 cl.
760 1669 980 1704 Willmetius
1006 1665 1091 1702 olim
1117 1666 1160 1700 ab
1183 1665 1214 1699 se
1242 1664 1429 1699 institutam
1452 1666 1711 1709 perhumaniter
1742 1678 1880 1703 mecum
1907 1680 2005 1704 com·

596 1736 814 1774 municavitz,
853 1733 937 1766 item
969 1729 1154 1774 versuum,
1188 1729 1249 1772 qui
1278 1729 1320 1763 ab
1353 1728 1430 1762 aliis
1460 1729 1529 1763 five
1558 1729 1735 1763 Arabibus
1765 1731 1835 1765 five
1860 1732 2004 1767 clarisfi-

599 1801 663 1836 mis
691 1800 726 1831 in
753 1795 897 1840 Europ&
923 1793 1151 1839 scriptoribus
1179 1789 1251 1836 (ut
1281 1793 1316 1825 in
1348 1790 1454 1829 Notis
1482 1791 1725 1835 indicabitur)
1752 1794 1848 1828 citati
1875 1794 1964 1830 sunt.
1993 1804 1995 1806 ·

646 1861 740 1895 Cum
763 1868 878 1894 autem
909 1859 944 1892 in
967 1856 1090 1892 codice
1119 1855 1207 1890 Ibn-
1222 1854 1421 1890 Heischami
1450 1854 1492 1889 ad
1514 1855 1645 1902 fingula
1667 1855 1885 1892 hemistichia
1906 1859 2006 1904 prio·

604 1946 640 1971 ra
665 1932 817 1980 vulgaris
847 1940 930 1966 nota
951 1929 1183 1965 distinctionis
1210 1918 1294 1982 (‘)
1320 1927 1435 1962 addita
1462 1927 1571 1969 esset,
1599 1939 1686 1972 quae
1716 1940 1783 1964 tam
1814 1933 1849 1964 in
1877 1933 2004 1966 ceteris

601 2006 726 2044 Leidd.
754 2015 855 2049 quam
884 2005 919 2037 in
947 2013 1067 2037 nostro
1097 2001 1269 2037 Zouzenii
1302 2001 1427 2036 codice
1458 2000 1596 2043 deerat,
1623 2001 1711 2036 hanc
1738 2012 1781 2047 ex
1802 2002 1897 2038 illius
1917 2015 2004 2049 apo-

599 2071 732 2119 grapho
764 2066 1005 2102 Willmetiano
1035 2066 1166 2110 ubique
1198 2064 1457 2109 adscripsimu33
1486 2064 1681 2108 praesertim
1714 2067 1794 2109 quia
1823 2068 1860 2100 in
1892 2068 2002 2102 hemi-

603 2135 734 2170 stichiis
764 2128 1012 2178 distinguendis
1039 2131 1180 2164 minime
1201 2128 1358 2164 constans
1376 2138 1428 2163 est
1451 2127 1629 2175 Jonefius,
1660 2138 1724 2164 nec
1751 2139 1861 2164 tamen
1891 2139 1930 2164 ea
1949 2141 2006 2165 res

605 2199 704 2244 parvi
733 2195 900 2230 momenti
927 2202 978 2231 est
1005 2192 1045 2228 ad
1071 2201 1230 2228 metrum.
1610 2182 1611 2185 ’

1891 2256 2004 2292 Scho-
