2296 2778
598 257 1262 300 rRoLEGoMENffi
1586 262 1638 312 n

229 361 357 403 ibri-et,
383 369 456 396 eam
486 369 504 394 a
538 359 604 396 suis
635 360 870 407 negligentius
900 360 1098 403 observarig
1125 371 1160 396 et
1189 359 1286 396 collo
1316 361 1509 404 converso,
1536 363 1634 408 quod

228 423 489 471 pulchritudine
521 423 730 459 dorcadibus
759 427 957 469 neutiquam
988 425 1146 466 cederet,
1172 424 1368 470 respexisse.

276 487 469 521 Contendit
513 486 544 520 se
581 497 784 531 expertum,
829 499 904 523 raro
937 490 1080 535 gratiam
1112 488 1276 523 beneficis
1310 489 1487 534 persolvi,
1524 489 1630 533 idque

225 560 287 584 eos
325 550 534 591 absterrere3
573 552 607 583 in
650 551 838 584 cruentiori
883 551 1013 595 strage,
1052 552 1120 592 quai
1159 552 1312 584 elamore
1357 552 1418 585 suo
1460 552 1632 585 lamentati

225 612 362 650 fuerant
392 613 540 654 heroes,
568 614 679 657 patrui
711 612 903 646 mandatum
938 611 1146 647 observasse.
1209 611 1330 659 Quum
1366 615 1457 648 enim
1488 614 1635 648 tribules

226 675 335 720 ipsum
370 675 495 710 ducem
535 674 812 718 constituissent,
848 686 917 709 non
950 686 1030 720 prae
1063 677 1165 710 animi
1199 674 1401 711 demisfionc
1434 677 1633 719 defecerat,

225 737 280 771 sed
312 749 396 773 vero
440 738 579 773 fortiter
613 748 827 780 certaveratt,
860 739 1013 774 hostium
1049 748 1228 778 catervas,
1267 740 1301 772 in
1330 739 1360 773 se
1394 743 1549 775 certatim
1581 743 1634 775 in-

223 800 423 843 cursantes,
451 801 673 836 laudabiliter
693 801 871 848 aggressus
900 801 1038 842 fueram,
1057 801 1184 836 ‘Sociis
1212 801 1487 846 stimulantibus,
1514 813 1631 848 equo,

223 865 280 896 cui
309 865 342 896 in
371 874 496 907 pectus
527 866 644 898 hostes
674 865 741 897 alte
780 864 968 910 infigebant
1001 865 1134 901 hastas,
1175 875 1317 904 vectus,
1357 877 1418 899 eos
1450 865 1633 907 straverat,

222 923 335 957 donec
373 922 434 955 ille
470 922 630 966 sanguine
668 931 763 954 totus
796 925 967 964 respersus
1002 920 1102 954 esset.
1155 921 1303 956 Fiduciri
1335 925 1413 967 illa,
1442 928 1508 969 qua
1539 927 1635 962 ducti

222 985 309 1021 socii
335 994 412 1018 eum
444 983 504 1017 fibi
538 982 798 1027 praefecerant,
837 993 1032 1017 moerorem
1066 981 1194 1017 fatetur
1223 996 1242 1018 a
1275 985 1306 1019 se
1338 986 1409 1020 csse
1441 987 1632 1032 depulsum.

222 1047 364 1093 Equum
395 1046 493 1081 suum
526 1047 573 1080 ait
598 1046 640 1080 ab
673 1045 859 1086 hostibus,
888 1046 934 1079 ita
968 1043 1196 1088 ferientibus,
1224 1047 1256 1081 se
1286 1050 1444 1085 avertisse
1472 1061 1506 1085 et
1533 1053 1634 1087 hirri-

222 1122 259 1145 tu
297 1111 358 1145 suo
387 1119 569 1154 receptum
601 1109 643 1142 ab
676 1109 794 1151 equite
824 1107 1048 1154 efflagitasse;
1077 1108 1233 1152 ipfique,
1261 1110 1282 1144 fi
1313 1110 1411 1156 loqui
1433 1115 1631 1158 ipotuisset‚

221 1173 366 1208 vulnera
407 1173 643 1215 expositurum
677 1170 792 1205 fuisse.
856 1170 981 1214 Equos
1020 1170 1109 1204 alios
1142 1171 1188 1205 ob
1222 1173 1358 1207 cursum
1394 1176 1632 1211 vehementem

221 1235 334 1271 fidisse
367 1237 402 1269 in
436 1245 559 1269 terram
591 1234 725 1275 laxam,
757 1235 969 1277 tetricosque
995 1232 1066 1267 esse
1098 1232 1221 1275 vultu,
1251 1235 1346 1278 quod
1380 1246 1509 1271 tantum
1541 1239 1633 1273 inter

220 1309 388 1344 proceros
419 1297 554 1338 essent3
584 1296 736 1331 camelos
768 1306 853 1330 vero
877 1295 974 1337 suos,
1004 1306 1216 1339 quocunque
1247 1307 1410 1343 agantur,
1436 1299 1630 1344 obsequen-

221 1371 274 1395 tes
303 1360 396 1402 esse,
434 1360 617 1406 adjuvante
650 1358 760 1404 ipsum
793 1360 935 1405 ingenio
973 1358 1015 1393 ad
1046 1358 1264 1404 propofitum
1292 1360 1389 1396 suum
1416 1372 1514 1398 certo
1543 1363 1631 1399 asse-

220 1424 406 1468 quendum.

269 1484 425 1517 Tandem
453 1493 575 1525 optat,
603 1496 640 1518 ut
674 1497 750 1516 ante
777 1498 924 1523 mortem
956 1488 1048 1525 suam
1071 1490 1203 1527 Hosein
1228 1490 1428 1529 Haremciue
1459 1491 1544 1521 helii
1576 1493 1631 1523 vi.

219 1544 418 1582 cisfitudine
448 1551 613 1586 pereant,
650 1541 755 1583 idque
792 1551 890 1583 optat
918 1542 1018 1581 idco,
1062 1545 1158 1584 quod
1192 1547 1366 1578 immerito
1405 1547 1510 1588 ipfius
1547 1560 1628 1586 cum

222 1608 344 1644 famam
372 1604 667 1644 obscuraverant,
698 1612 768 1636 tum
791 1601 988 1648 sanguinem
1009 1602 1244 1646 devoverant;
1271 1615 1483 1650 quapropter
1504 1620 1626 1648 eorum

176 1705 178 1708 v
221 1680 363 1717 quoque
389 1677 519 1714 patrem
549 1675 710 1702 necatum
743 1663 825 1698 feris
854 1664 922 1709 jam
950 1664 1143 1700 tradiderat.

268 1734 406 1780 Agmen
440 1731 562 1764 harum
591 1728 873 1764 observationum
901 1727 1039 1762 claudat
1070 1727 1254 1765 Carminis
1287 1731 1418 1778 Stylus.
1471 1734 1627 1775 Genium

222 1797 324 1842 spirat
357 1804 439 1828 vere
472 1792 703 1833 orientalemz,
734 1800 785 1824 est
816 1791 908 1825 enim
939 1791 1130 1836 abruptus,
1157 1795 1296 1840 gravis,
1323 1796 1477 1840 nobilis,
1504 1801 1626 1847 imagi.

220 1860 323 1895 nibus
352 1857 506 1902 cujusvis
548 1855 684 1901 generis
718 1863 926 1895 exornatuS,
961 1857 1259 1898 comparationum
1291 1860 1408 1894 catena
1444 1862 1487 1895 ab
1520 1864 1623 1899 initio

220 1930 331 1967 ugque
364 1919 407 1955 ad
443 1917 546 1952 finem
573 1927 682 1961 aeque
712 1916 861 1952 vividus.
927 1916 985 1951 Sic
1016 1916 1199 1952 Reiskius:
1235 1944 1261 1961 „
1280 1920 1622 1961 Charactercarmi-

223 2012 251 2030 ,θ
277 1987 352 2026 nis,
380 1983 518 2026 inquit3
545 1981 650 2014 habet
677 1980 810 2024 aliquid
833 1978 1060 2028 εὐτράπελον,
1097 1980 1184 2015 nihil
1215 1991 1328 2018 tamen
1357 1985 1423 2019 risu
1454 1986 1618 2034 dignum:

222 2074 250 2093 υ
277 2047 464 2093 majestatis
491 2053 612 2078 contra
640 2042 782 2088 plenum
814 2053 957 2088 quoque
992 2054 1066 2085 est,
1094 2054 1134 2078 ut
1166 2053 1332 2080 terrorem
1362 2048 1532 2092 incutiat3
1566 2063 1619 2086 re-

223 2137 250 2154 „
276 2111 344 2145 fert
377 2110 552 2144 hominem
582 2106 642 2140 fibi
671 2106 897 2151 permissum,
925 2107 1117 2149 dicentem,
1148 2117 1187 2141 ut
1218 2110 1368 2154 impetus
1395 2110 1548 2156 ferebat,
1583 2125 1619 2149 et

222 2199 248 2218 „
275 2183 394 2218 parum
427 2170 638 2211 sollicitum,
674 2168 758 2213 quid
786 2171 866 2204 artis
900 2170 1040 2217 regulae
1067 2169 1227 2205 sanciant.
1289 2171 1389 2207 Nihil
1419 2183 1529 2211 tamen
1552 2180 1618 2221 ,in-

224 2261 251 2279 „
277 2235 433 2277 cultum,
462 2232 550 2270 nihil
582 2232 787 2280 indignum,
813 2241 847 2267 et
871 2232 893 2267 fi
915 2233 1026 2278 esset,
1054 2235 1115 2279 qui
1136 2244 1205 2271 non
1234 2245 1309 2278 est,
1339 2236 1521 2283 neglectus
1541 2250 1620 2274 ver·

922 2294 957 2330 D
1502 2325 1528 2346 ’a
1551 2303 1615 2337 bo·
