2296 2778
427 292 855 341 IOANNIS
950 291 1419 339 WILLMET

502 463 1332 504 OBSERVATIONES

876 592 961 620 AD

291 666 786 791 ANTARAE
861 718 1556 789 MOALLAKAH<

261 1040 311 1080 V.
341 1053 374 1079 1.
424 1016 612 1079 Fluctuat
632 1042 834 1079 Zouzenius
853 1044 887 1077 in
908 1042 1062 1079 Scholiis
1085 1047 1174 1081 inter
1194 1046 1390 1094 geminam,
1417 1053 1518 1090 quam
1542 1053 1632 1081 non·

213 1105 308 1141 nulli
347 1105 449 1147 dant,
494 1108 620 1152 prioris
654 1106 866 1141 hemistichii
903 1107 1189 1151 explicationem.
1258 1108 1401 1143 Dubito
1442 1118 1551 1142 tamen
1591 1117 1633 1142 an

215 1169 356 1213 quidem
390 1169 562 1213 ancipites
590 1169 792 1203 haereamus
823 1179 967 1202 necesse
1000 1172 1058 1203 sit.
1129 1170 1167 1202 Si
1199 1172 1293 1204 enim
1326 1179 1534 1214 perpetuum
1564 1169 1637 1205 fere

211 1231 397 1278 poetarum
430 1229 587 1265 Arabum
623 1239 780 1265 veterum
821 1239 955 1264 morem
974 1232 1206 1276 cogitemus,
1245 1243 1318 1275 quo
1345 1243 1365 1266 a
1393 1232 1636 1267 describendis

212 1294 344 1330 dirutis
367 1294 567 1327 amasiarum
597 1302 734 1326 suarum
763 1292 1004 1326 mansionibus
1031 1293 1169 1326 initium
1195 1294 1384 1328 carminum
1414 1303 1555 1328 suorum
1584 1292 1634 1329 fa·

214 1359 333 1398 ciant,
367 1365 408 1390 et
436 1354 464 1389 si
495 1364 575 1388 cum
605 1353 670 1388 illo
699 1365 796 1388 more
828 1364 901 1388 tum
931 1355 1006 1400 ipsa
1034 1355 1141 1400 hujus
1166 1355 1283 1390 versus
1312 1356 1486 1391 vocabula
1512 1356 1634 1392 confe-

216 1430 358 1462 tamuS,
395 1428 469 1453 tum
501 1416 690 1453 consilium
726 1418 852 1462 poetae
891 1418 1024 1459 nostri,
1063 1417 1126 1452 hac
1158 1429 1297 1456 eversae
1336 1418 1458 1454 domus
1490 1422 1636 1456 amasiae

220 1492 300 1521 suae
327 1483 720 1524 mentione.·tanquam
765 1482 928 1519 carminis
968 1482 1023 1514 sui
1056 1481 1205 1516 exordio
1236 1482 1380 1522 utendi,
1413 1492 1514 1516 manu
1552 1493 1638 1525 qua·

219 1546 250 1579 si
281 1543 442 1578 ducimur
480 1553 546 1577 tam
585 1542 628 1576 ad
667 1542 841 1586 collapsae
867 1533 968 1577 sedis
1001 1542 1099 1576 illius
1131 1553 1233 1586 quam
1264 1543 1307 1577 ad
1341 1545 1502 1578 carminis
1539 1554 1638 1579 com·

221 1608 508 1642 memorationem
538 1605 597 1641 hic
630 1603 922 1649 exspectandam:
960 1606 987 1638 si
1023 1614 1138 1638 autem
1169 1604 1362 1648 vocabula,
1398 1606 1528 1649 quibus
1557 1616 1640 1642 usus

217 1680 298 1712 est,
336 1672 384 1704 ita
420 1679 620 1714 comparata
656 1669 723 1703 sint
763 1677 803 1702 ut
840 1669 1012 1714 geminam
1047 1667 1136 1702 hanc
1176 1667 1286 1702 ideam
1322 1670 1545 1711 contineant,
1584 1679 1640 1703 tu.

226 1743 265 1769 to
300 1732 514 1769 concludere
548 1732 656 1774 licet,
688 1742 769 1766 eum
799 1741 864 1776 pro
899 1730 1046 1765 confilio
1078 1730 1144 1765 illo
1171 1741 1234 1765 suo
1265 1731 1437 1776 eJusmodi
1466 1732 1639 1768 voeabula

224 1795 268 1831 de
298 1795 464 1830 industria
501 1795 723 1834 adhibuisse,
762 1804 851 1836 quae
877 1794 1041 1840 ambigua
1074 1793 1134 1828 sua
1169 1795 1314 1828 notione
1346 1795 1518 1840 geminam
1544 1794 1640 1829 illam

169 1883 177 1886 »
222 1857 336 1894 ideam
373 1857 593 1901 exprimant3
633 1857 832 1900 praesertim
864 1855 947 1899 quia
978 1866 1049 1890 non
1088 1864 1220 1890 tantum
1255 1865 1374 1890 omnes
1407 1855 1479 1890 fere
1516 1857 1641 1901 poetae

226 1920 361 1956 Arabes
395 1917 476 1961 sed,
514 1918 566 1952 uti
598 1916 764 1962 deinceps
790 1919 927 1961 saepius
957 1917 1177 1957 videbimus,
1210 1918 1244 1951 in
1278 1918 1398 1961 primis
1426 1928 1565 1960 noster,
1605 1918 1643 1954 id

227 1984 455 2019 vehementer
483 1990 622 2022 amant,
661 1980 747 2016 licet
778 1980 863 2014 tales
901 1979 1084 2026 ambiguae
1119 1977 1392 2026 significationes
1427 1981 1463 2014 in
1503 1981 1644 2017 :tansia-

230 2049 331 2082 tione
359 2045 567 2091 plerumque
603 2045 722 2079 sentiri
752 2052 949 2088 nequeant;
988 2044 1090 2087 quia,
1132 2044 1184 2077 uti
1216 2052 1335 2078 omnes
1362 2043 1550 2079 verborum
1587 2045 1641 2080 lu·

232 2121 312 2152 sus,
347 2111 396 2144 ita
427 2118 463 2144 et
489 2108 525 2143 hi
558 2107 636 2144 aliis
662 2108 791 2155 linguis
816 2117 894 2142 raro
931 2115 966 2141 et
997 2115 1098 2151 saepe
1131 2116 1202 2141 non
1239 2107 1305 2141 nisi
1342 2107 1466 2141 coacte
1492 2116 1551 2141 aut
1581 2116 1645 2151 per

232 2172 451 2218 periphrasin
486 2181 633 2216 possunt
662 2172 834 2217 exprimi,
878 2171 1014 2215 saepius
1052 2180 1166 2205 autem
1207 2171 1354 2214 exprimi
1384 2179 1454 2204 non
1490 2168 1644 2213 debent,

230 2246 279 2271 ne
310 2245 429 2269 sensus
452 2234 511 2269 fiat
538 2236 740 2278 obscurus,
767 2245 826 2271 aut
846 2235 888 2269 ab
920 2233 1188 2279 Europaeorum
1221 2232 1388 2278 loquendi
1416 2242 1515 2268 more
1542 2234 1646 2268 nimis

230 2296 384 2332 alienus.
432 2295 528 2332 Cum
552 2305 667 2331 autem
698 2294 909 2331 vocabulum
938 2298 1052 2345 pos->iae
1079 2293 1249 2340 ejusmodi
1273 2296 1335 2338 sit,
1361 2301 1481 2338 putem
1506 2292 1647 2339 poetam

923 2350 956 2388 V
984 2361 1005 2388 2
1580 2361 1646 2388 no·
