2286 2725
610 259 656 295 34
974 236 1628 279 PROLEGOMENA.

612 343 742 387 tando,
780 344 815 378 in
846 340 953 388 praef.
976 353 1011 387 p.
1032 352 1094 384 vr,
1121 350 1161 376 ut
1184 340 1374 377 Arabicum
1397 336 1497 373 illum
1525 345 1658 373 textum
1680 336 1762 374 ideo
1783 337 1885 372 nobis
1906 336 2008 382 plane

610 409 741 446 nullius
762 408 843 443 usus
864 406 994 442 factum
1017 405 1087 441 esse
1105 404 1313 451 judicaverit
1338 400 1433 448 (l).

663 471 773 520 Quod
801 472 822 506 ss
852 473 887 506 in
913 480 1030 512 textu,
1069 479 1174 513 quem
1200 467 1295 503 dedit
1326 464 1506 512 Jonefius‚
1532 463 1666 508 aliquid
1684 462 1938 500 defiderandum
1960 466 2012 498 vi-

613 536 755 575 deatur,
803 544 837 568 at
877 533 1038 577 insignem
1083 531 1290 573 plenamque
1331 528 1524 575 elegantiae
1565 526 1702 562 laudem
1736 537 1910 564 merentur
1939 527 2016 572 ejus

612 595 727 642 Verfio
755 594 933 642 Anghca,
970 602 1006 628 et
1037 592 1251 640 fingulorum
1283 593 1473 627 carminum
1499 590 1742 637 Argumenta.
1794 590 1915 625 Vei-fio
1937 591 2015 633 qui-

612 660 689 695 dem
726 658 787 693 illa
831 659 1003 704 originem
1033 655 1129 690 dedit
1167 656 1268 691 alteri
1301 654 1472 694 versioni,
1507 653 1579 688 fere
1612 654 1654 689 ad
1684 664 1758 689 eam
1784 652 1912 698 Jonefii
1944 650 2017 687 fac·

613 733 688 765 tae,
715 733 817 767 quam
848 721 1013 755 debemus
1045 719 1092 755 cl.
1122 719 1173 754 A.
1207 718 1274 755 le.
1307 717 1566 759 Hartmanno,
1601 726 1683 752 tunc
1717 715 1892 760 Gymnafii
1926 714 2018 750 Her-

611 786 775 822 fordcnfis
809 784 1033 824 Prorectori,
1069 793 1162 817 nunc
1194 781 1273 816 LL.
1313 781 1397 816 ΟΟ.
1435 780 1658 826 Oldenburgi
1689 778 1904 814 professori:
1942 776 2018 812 Die

607 846 910 894 hellstralzlenden
941 842 1115 888 Plejaden
1154 852 1215 876 am
1241 841 1454 888 arabfihen
1478 839 1680 887 poetifchen
1710 840 1895 880 Himmel,
1935 840 2018 874 oder

605 912 663 946 die
697 908 810 954 sichen
847 917 907 941 am
943 904 975 940 T
973 904 1085 950 empel
1117 914 1164 938 zu
1201 902 1337 937 Meklea
1374 900 1671 948 aufgehangenen
1708 898 1920 946 arabtsclzen
1948 901 2016 937 Ge·

608 972 738 1010 dichte.
800 966 1027 1015 Uehersetzt‚
1061 965 1242 1002 erlilutert
1267 964 1341 999 und
1370 963 1437 998 mit
1467 964 1567 998 einer
1598 963 1816 1010 Einleitung
1835 961 2016 1009 versblzen.

607 1034 768 1073 Miinster
804 1034 909 1069 1802.
937 1034 971 1066 in
1003 1031 1050 1066 8⁰.
1077 1031 1161 1063 min.
1211 1026 1316 1062 Licet
1347 1036 1463 1061 autem
1496 1028 1550 1060 vir
1583 1026 1630 1061 cl.
1659 1025 1935 1061 Translationem
1956 1026 2018 1071 Jo-

603 1100 688 1136 nefii
716 1099 788 1133 fere
820 1097 977 1140 ubique,
1005 1102 1043 1127 ut
1075 1102 1110 1126 et
1128 1092 1366 1140 Argumenta,
1394 1089 1604 1124 Germanice
1629 1088 1767 1124 secutus
1792 1088 1921 1132 fuerit,
1950 1091 2021 1125 uti·

606 1164 676 1199 lem
707 1172 818 1197 tamen
851 1168 992 1204 operam
1022 1156 1219 1190 lectoribus
1246 1155 1296 1189 rei
1328 1152 1520 1188 Orientalis
1551 1151 1644 1186 haud
1675 1153 1797 1196 peritis
1826 1152 2016 1196 praestitit,

608 1236 676 1261 tam
717 1222 980 1257 Introductione
1008 1218 1160 1265 generali
1188 1217 1232 1252 ad
1264 1227 1383 1251 omnes
1412 1215 1636 1257 Moassakfir,
1675 1226 1776 1258 quam
1803 1214 1927 1250 additis
1958 1216 2018 1251 hic

607 1288 683 1325 illic
709 1286 841 1328 Notis,
887 1283 1018 1328 quibus
1056 1280 1253 1326 praesertim
1293 1288 1407 1313 mores
1441 1277 1634 1312 nonnullos
1675 1276 1877 1311 Orientales
1906 1286 2018 1318 expo·

605 1353 694 1393 suit,
730 1358 789 1384 aut
822 1347 948 1382 ssmiles
984 1343 1147 1390 quasdam
1173 1343 1374 1378 locutiones
1403 1342 1564 1386 poeticas
1591 1351 1636 1376 ex
1666 1340 1815 1376 aliorum
1852 1338 2020 1385 operibus

606 1416 784 1462 eleganter
811 1411 1021 1446 Germanice
1048 1405 1227 1443 translatas
1252 1404 1383 1440 attulit.

654 1478 774 1517 Atque
815 1474 900 1504 haec
937 1474 973 1501 in
1013 1471 1066 1500 his
1105 1469 1371 1510 prolegomenis
1403 1465 1446 1497 de
1475 1467 1605 1497 Amara
1635 1464 1782 1505 ejusque
1813 1462 2020 1500 Moallakah

610 1537 756 1575 dicenda
786 1532 922 1570 habui·‚
955 1538 1027 1561 non
1056 1525 1196 1570 quidem
1222 1535 1289 1568 pro
1318 1525 1369 1558 rei
1402 1523 1595 1569 dignitate,
1624 1524 1720 1568 quod
1738 1524 1864 1560 lubens
1881 1524 2018 1568 fateor,

1962 1588 2019 1624 sed

649 1725 666 1765 (
678 1723 716 1762 l)
740 1714 926 1751 Difficultati
950 1712 1051 1754 igitur
1069 1711 1144 1745 huic
1162 1717 1285 1751 nuper,
1305 1709 1431 1751 ingrato
1452 1709 1579 1750 quidem
1597 1710 1727 1750 labore,
1754 1711 1937 1746 succurrere
1962 1723 2022 1747 vo·

607 1782 668 1815 luit
690 1778 828 1812 Alexim
859 1771 1045 1814 Boldyrm„
1078 1769 1161 1802 Phil.
1194 1775 1224 1800 et
1246 1768 1287 1799 A.
1311 1768 1355 1799 A.
1380 1766 1452 1800 LL.
1478 1767 1653 1809 Magister,
1678 1767 1796 1809 Jonefii
1818 1768 2022 1810 scriptionem

611 1836 759 1878 Anglicis
781 1830 880 1864 literis
902 1830 934 1861 in
963 1828 1119 1861 Arabicas
1138 1827 1171 1859 in
1201 1825 1326 1858 duabus
1344 1824 1524 1857 Moisslakat
1548 1824 1739 1857 transferens
1767 1833 1884 1866 atque,
1914 1828 2022 1861 addita

614 1901 690 1936 post
712 1886 1089 1933 praefationemwabula,
1111 1882 1229 1926 Jonefii
1249 1882 1519 1924 orthographiam
1547 1881 1691 1914 indicans
1709 1908 1712 1914 ,
1738 1881 1769 1913 in
1793 1881 1901 1915 libello
1926 1884 2022 1918 Duae

606 1947 798 1985 Moallakdt
824 1945 978 1978 Amarae
1001 1950 1031 1976 et
1055 1942 1209 1984 Haretb;
1232 1940 1388 1974 sumtibus
1416 1939 1579 1980 auctoris,
1604 1939 1728 1980 paginis
1749 1949 1799 1982 14.
1845 1939 2022 1981 Gottingae

610 2007 746 2044 1808111
770 2007 813 2037 8⁰,
846 2003 960 2036 minori
990 2001 1088 2034 edito.
1142 1999 1204 2033 Sed
1236 2009 1294 2032 nec
1321 1999 1372 2031 hle
1400 1999 1468 2040 ejus
1501 1997 1593 2032 labor
1624 1995 1760 2035 sufficit,
1793 2005 1866 2029 cum
1897 2004 2020 2038 puncta

605 2064 755 2104 vocalia,
788 2071 924 2103 quorum
953 2058 1179 2102 pronunciatio
1213 2057 1350 2100 Anglica
1376 2057 1478 2088 multo
1516 2054 1674 2088 difficilior
1702 2060 1748 2086 est
1780 2063 1873 2094 quam
1907 2054 2020 2087 conso-

607 2123 774 2160 nantium,
804 2119 933 2161 prorsus
956 2117 1111 2160 omiserit,
1145 2123 1176 2150 et
1204 2116 1238 2149 in
1259 2116 1370 2149 harum
1394 2115 1486 2148 etiam
1521 2112 1761 2156 Orthograpliia
1784 2120 2017 2154 nonnunquam

608 2179 766 2215 erraverit.
813 2178 867 2211 W.
