2296 2778
505 719 1462 788 PROLEGOMENA.

273 1094 424 1160 Veram
456 1123 676 1170 Bibliorum‚
715 1133 751 1158 et
790 1123 987 1169 praesertim
1025 1124 1122 1162 Sacri
1161 1125 1308 1162 Codicis
1346 1128 1535 1173 Holmoi,
1578 1134 1683 1168 inter-

276 1190 506 1234 pretationem
538 1189 704 1223 interiore
736 1187 933 1235 linguarum
962 1188 1197 1226 Orientalium
1231 1191 1396 1234 scientia,
1434 1195 1493 1229 nifi
1529 1197 1618 1238 niti,
1651 1208 1686 1231 at

275 1262 377 1296 quarn
404 1253 551 1286 maxime
583 1261 678 1286 certe
711 1251 889 1297 adjuvari,
916 1263 1020 1287 nemo
1055 1264 1107 1288 est
1138 1266 1230 1290 nunc
1262 1257 1451 1300 temporis,
1490 1260 1576 1302 qui,
1604 1270 1684 1304 post

273 1314 440 1360 plurimas
469 1317 625 1349 virorum
659 1315 967 1350 eruditisfimorum
1012 1317 1076 1353 hac
1118 1320 1152 1353 in
1186 1329 1222 1353 re
1255 1317 1541 1363 lucubrationes,
1581 1321 1684 1358 facile

269 1377 306 1412 in
330 1377 474 1411 dubium
498 1388 614 1413 vocet.
669 1377 770 1413 Sicut
800 1388 914 1413 autem
947 1379 1068 1427 lingua
1088 1382 1241 1417 Arabica
1263 1384 1418 1418 omnium
1447 1384 1683 1422 Orientalium

267 1450 320 1473 est
349 1441 534 1484 dirisfima,
571 1441 716 1486 ejusque
749 1444 863 1489 gentis
900 1443 1084 1488 scriptores
1116 1445 1256 1493 linguai,
1296 1445 1476 1491 dictione,
1515 1450 1681 1495 ingenio,

268 1496 428 1533 moribus
458 1495 614 1528 omnium
646 1506 805 1537 P¹0²=³¹==e
834 1506 877 1538 ad
909 1507 1092 1542 Hebraeos
1123 1509 1321 1550 accedunt,
1361 1509 1583 1551 iea'quoque
1611 1522 1683 1543 ma—

267 1559 433 1595 nifestum
467 1566 542 1598 est,
582 1566 625 1590 ex
654 1554 795 1590 illorum
826 1554 987 1591 familiari
1017 1556 1080 1590 usu
1116 1559 1347 1601 praecipuum
1378 1562 1421 1595 acl
1453 1564 1541 1605 hos,
1577 1573 1684 1605 maxi.

268 1634 326 1659 me
366 1621 490 1667 poetas
511 1646 524 1662 ,
561 1617 810 1666 intelligendos
846 1618 1036 1654 redundare
1077 1619 1376 1664 emolumentum,
1415 1634 1450 1658 et
1491 1637 1562 1671 quo
1594 1634 1682 1667 anti.

272 1688 413 1731 quiores
443 1684 529 1725 fint,
557 1694 602 1718 eo
629 1682 793 1728 majorem
823 1692 884 1716 eos
915 1683 979 1718 hac
1008 1685 1043 1718 in
1073 1694 1109 1718 re
1138 1684 1324 1719 utilitatem
1356 1687 1522 1731 praestare
1557 1694 1680 1737 posse,

269 1750 422 1792 ideoque
452 1746 583 1792 majore
612 1748 840 1790 interpretum
872 1745 955 1781 cura
984 1746 1054 1781 esse
1084 1746 1218 1794 dignos.

320 1812 414 1846 Cum
447 1820 534 1845 vero
566 1820 610 1844 ex
632 1810 796 1845 omnibus
828 1809 1022 1854 priscorum
1045 1809 1199 1846 Arabum
1220 1811 1356 1857 scriptis
1386 1815 1482 1850 nulla
1502 1818 1605 1853 nobis
1627 1821 1681 1855 su-

274 1875 400 1921 perssnt
425 1873 486 1908 nisi
507 1884 611 1918 opera
639 1874 782 1918 poetica
805 1883 914 1917 eaque
932 1875 1022 1909 inter
1042 1875 1078 1908 in
1101 1876 1222 1919 primis
1250 1878 1424 1912 emineant
1446 1878 1573 1924 septem
1605 1895 1677 1919 car-

271 1941 386 1982 mina,
412 1936 610 1972 Moallakzit
644 1936 757 1979 dicta,
788 1948 936 1981 quorum
970 1937 1099 1985 insigne
1127 1940 1277 1983 pretium
1312 1949 1385 1975 tota
1412 1952 1497 1988 gens
1530 1945 1679 1982 Arabica

271 2004 374 2037 ctiam
404 2002 468 2036 hac
496 2011 531 2035 re
562 2010 681 2035 testata
712 2010 763 2034 est
794 2001 963 2046 publice,
1002 2001 1097 2045 quod
1128 2001 1210 2045 illa,
1239 2013 1316 2037 cum
1350 2006 1384 2038 in
1419 2007 1566 2049 poetico
1604 2020 1678 2045 ccr-

273 2068 400 2101 tamine
422 2065 605 2100 victoriam
637 2065 680 2098 ab
710 2064 787 2099 aliis
816 2064 1035 2106 retulissent,
1065 2064 1187 2110 templi
1210 2064 1374 2102 Meccani
1398 2066 1533 2104 foribus
1566 2071 1678 2107 solen-

271 2131 362 2163 niter
393 2128 484 2175 affigi
516 2129 714 2170 curaverit,
744 2127 898 2172 sequitur
920 2130 962 2164 iis
982 2128 1191 2164 carminibus
1217 2131 1437 2175 praecipuam
1460 2144 1524 2167 nos
1545 2135 1678 2180 impen-

274 2191 356 2225 dere
388 2191 514 2226 debere
544 2202 675 2227 curam.

322 2252 379 2288 De
422 2254 490 2289 hoc
529 2256 637 2301 igitur
669 2255 890 2301 praestantiae
930 2257 1161 2302 utilitatisque
1204 2267 1322 2293 eorum
1353 2258 1514 2304 judicio,
1549 2261 1633 2295 licet
1659 2273 1679 2297 a

1005 2321 1035 2356 A
1588 2325 1677 2367 pris-
